2738 4634
666 252 705 318 18

126 463 158 524 61
178 456 210 523 id
233 457 318 542 qnod
341 457 507 544 Wolperus
529 478 567 522 ac
583 454 777 522 Matthiaeus
799 455 838 521 (16
852 454 980 522 Medeae
1001 454 1150 541 partibus
1172 476 1239 522 een·

126 567 258 626 suerunt
278 562 416 627 medium
438 565 524 626 tenet
539 560 765 625 Gravenhorsti
779 560 939 637 iudicium,
962 561 1017 643 qui
1034 565 1144 624 tamen
1163 581 1240 644 quo·

126 663 295 729 dammodo
319 685 424 729 secum
445 665 513 749 ipse
535 663 722 740 dissentit1).
765 659 814 726 ‘In
841 663 896 726 der
914 662 1026 727 Medea
1046 663 1174 727 vertritt
1196 663 1241 727 (116

125 765 241 830 Heldin
263 766 362 832 selbst
384 767 434 831 die
451 765 546 833 Stelle
568 765 668 830 dieses
691 771 906 848 sogenannten
928 765 1004 829 deus
1027 785 1066 829 ex
1085 764 1241 841 machina,

125 869 193 932 eine
215 867 323 946 Rolle,
350 891 389 934 au
415 868 546 934 welcher
576 867 626 932 die
653 867 809 932 Zauberin
839 888 880 931 au
910 866 976 931 sich
998 867 1079 932 wohl
1102 867 1242 950 geeignet

126 971 271 1036 scheinen
292 971 389 1050 kann,
410 972 460 1036 die
481 970 558 1036 aber
578 970 637 1035 mit
657 970 743 1034 ihrer
765 969 926 1051 sonstigen
947 969 990 1033 im
1006 967 1125 1037 Stiicke
1146 970 1243 1036 selbst

125 1078 320 1138 ventretenen
334 1071 583 1139 Persdnlichkeit
604 1073 636 1135 in
659 1071 792 1154 einigem
807 1070 1049 1155 Widerspruche
1070 1073 1165 1138 steht.
1204 1071 1242 1137 Et

124 1195 195 1259 pag.
221 1174 294 1240 101:
317 1175 462 1240 Kleinere
483 1173 712 1251 Uebelstande‚
740 1173 797 1237 wie
825 1171 882 1237 das
911 1172 1057 1256 zufa'llige
1078 1175 1242 1241 Auftreten

125 1276 179 1342 des
203 1279 323 1360 Aegeus
345 1278 411 1342 und
433 1277 484 1343 die
505 1277 586 1342 oben
614 1275 774 1341 bemerkte
802 1275 950 1359 doppelte
971 1275 1062 1341 Rolle
1088 1276 1146 1342 der
1166 1277 1241 1343 Hel·

124 1378 179 1443 din
207 1379 331 1445 werden
359 1401 416 1445 vor
445 1379 515 1445 dem
536 1377 824 1462 iiberw‘altigenden
851 1377 1014 1443 Eindruck
1042 1378 1099 1444 der
1116 1378 1241 1465 Haupt·

118 1481 286 1565 'handlung
322 1483 422 1565 wenig
453 1477 618 1548 beachtet’.
667 1481 715 1545 De
741 1481 844 1564 primo
874 1480 947 1558 illo,
984 1480 1070 1564 quod
1099 1480 1243 1547 Medeam

123 1582 226 1666 ipsam
249 1583 298 1648 dei
319 1606 358 1649 ex
379 1585 526 1650 machina
546 1585 651 1649 locum
668 1590 774 1648 tenere
789 1581 1055 1649 Gravenhcrstius
1069 1583 1241 1664 contendit,

124 1685 259 1769 amplius
289 1686 452 1770 disputare
474 1687 665 1751 omittamus.
708 1685 779 1750 Hoc
804 1690 948 1762 constat,
977 1707 1041 1750 non
1069 1685 1103 1749 in
1133 1685 1243 1751 Medea

123 1788 194 1871 ipsa
215 1788 248 1852 in
270 1809 365 1853 curru
387 1790 529 1854 evolante
551 1791 636 1855 cerni
656 1809 749 1873 posse
771 1789 864 1854 deum
886 1808 924 1852 ex
944 1787 1110 1866 machina,
1134 1789 1241 1853 scdin

123 1910 170 1966 66,
193 1890 280 1972 quod
302 1891 429 1956 omnino
452 1891 574 1955 mulieri
595 1891 731 1956 maxime
754 1911 922 1974 oppressae
940 1889 1085 1956 alicunde
1107 1890 1240 1955 admini-

123 1992 186 2056 culi
206 1993 309 2057 instar
331 2014 441 2058 currus
462 1995 618 2059 mittatur.
663 1994 723 2071 Qui
745 1993 866 2058 miserit
888 2014 977 2070 eum,
997 1991 1085 2057 haud
1106 1993 1242 2058 multum

122 2092 233 2171 refert,
267 2115 341 2159 nam
374 2117 439 2160 non
468 2096 501 2160 in
534 2117 671 2180 persona
699 2095 755 2160 sed
783 2096 815 2159 in
849 2116 882 2160 re
913 2096 1019 2179 posita
1047 2099 1096 2159 est
1125 2095 1177 2160 dei
1206 2115 1242 2160 ex

123 2196 271 2260 machina
291 2197 384 2261 ratio.
428 2196 493 2263 Nec
514 2197 606 2264 aliter
628 2197 807 2263 Aristotelis
837 2198 875 2262 de
902 2197 963 2263 hac
989 2219 1025 2264 re
1046 2199 1145 2264 verba
1165 2220 1240 2283 pos-

123 2303 199 2362 sunt
220 2299 374 2364 declarari
395 2304 427 2364 et
447 2300 530 2365 idem
550 2300 612 2366 hoc
633 2300 851 2365 Hermannum
874 2300 1048 2377 censuisse,
1078 2321 1118 2365 ex
1138 2301 1241 2366 verbis
1262 2294 1268 2305 ’

123 2401 188 2465 6166
210 2401 304 2466 modo
323 2402 428 2466 citatis
450 2409 591 2486 apparet.
637 2403 728 2481 Quod
751 2408 857 2468 autem
879 2402 1005 2480 Medea,
1025 2402 1082 2468 ubi
1104 2409 1154 2467 est
1177 2424 1241 2468 sar-

123 2510 213 2580 vata‚
245 2524 327 2587 quae
353 2503 463 2568 futura
491 2506 570 2582 sint,
597 2507 804 2583 vaticinatur,
831 2505 953 2570 mulieri
982 2505 1119 2589 sapienti
1139 2507 1240 2590 magi-

122 2625 292 2689 carumque
320 2608 437 2671 artium
464 2608 584 2691 peritae
610 2608 727 2692 optime
761 2609 913 2673 convenit.
936 2645 978 2655 -
1004 2608 1088 2673 Huic
1114 2608 1154 2674 de
1184 2608 1240 2674 deo

122 2727 160 2770 ex
193 2708 340 2774 machina
376 2709 581 2787 disputationi
613 2709 707 2774 finem
741 2710 895 2775 faciamus
933 2710 1032 2775 allato
1068 2709 1240 2794 Hartungii

121 2808 235 2875 iudicio
264 2811 351 2893 quod
371 2813 505 2896 protulit
533 2813 678 2896 permira.
722 2812 755 2877 Is
777 2814 873 2896 enim,
900 2833 973 2878 cum
1002 2833 1041 2877 ex
1066 2832 1156 2878 more
1184 2832 1240 2878 suo

121 2909 302 2995 Euripidem
325 2915 366 2978 ab
389 2914 534 2980 omnibus
552 2915 617 2980 fere
638 2915 721 2979 vitiis
744 2916 863 2980 solvere
885 2937 923 2980 ac
945 2915 1081 2980 liberare
1103 2914 1239 2989 studeat,

121 3034 221 3097 eaque
243 3036 324 3098 quae
346 3016 416 3080 aliis
439 3016 633 3100 displiceant,
655 3017 867 3100 pulcherrima
886 3016 1032 3082 habenda
1055 3037 1124 3082 esse
1145 3037 1238 3101 prae·

122 3116 218 3197 dicet,
246 3139 285 3182 ne
314 3119 382 3202 ipse
404 3118 530 3201 quidem
560 3120 669 3196 sentit,
698 3119 784 3202 quod
806 3121 999 3203 quantisque
1021 3119 1241 3203 obstringatur

121 3220 287 3285 erroribus
332 3220 410 3284 Cum
432 3220 486 3285 alii
507 3221 541 3284 in
569 3221 815 3305 interpretandis
837 3221 1015 3286 Aristotelis
1044 3221 1148 3287 verbis
1178 3222 1238 3289 dis·

122 3321 275 3399 sentiant,
304 3322 500 3406 Hartungius
528 3323 728 3388 Aristotelem
751 3324 856 3407 ipsum
884 3324 1057 3407 vituperat,
1092 3324 1180 3408 quod
1204 3329 1240 3391 ,61

120 3424 262 3506 Aegeum,
284 3446 349 3489 non
379 3432 453 3511 apte
480 3425 513 3488 in
535 3446 661 3491 scenam
690 3427 822 3490 missum
848 3431 880 3490 et
906 3426 999 3489 deum
1027 3446 1067 3490 ex
1091 3426 1241 3499 machina

120 3545 185 3588 non
220 3527 308 3609 sequi
343 3549 381 3592 ex
415 3527 542 3594 fabulae
574 3529 801 3614 compositione
837 3533 971 3593 censeat.
1020 3523 1106 3593 ‘Und
1136 3551 1173 3595 er
1199 3566 1240 3578 -·

121 3626 303 3693 Aristoteles
326 3665 367 3674 -
388 3631 444 3695 hat
464 3631 498 3696 in
519 3631 631 3697 beiden
644 3631 753 3697 Fallen
775 3632 882 3714 geirrt,
906 3651 941 3694 so
964 3631 1050 3695 wahr
1073 3629 1129 3696 der
1143 3630 1240 3698 Leser

120 3725 186 3792 lebt
206 3730 271 3794 und
293 3730 358 3796 dies
380 3753 447 3797 nun
474 3733 611 3817 sogleich
634 3733 732 3798 selbst
761 3732 906 3798 einsehen
932 3725 1083 3810 wird’2).'
1108 3733 1239 3801 Pericli-

188 3966 216 4037 1)
234 3967 343 4021 Griech.
367 3968 502 4031 Theater,
527 3968 629 4039 Stuttg.
652 3985 679 4024 u.
699 3970 785 4038 Auge.
810 3970 885 4026 1856,
912 3986 978 4040 pag.
995 3969 1038 4026 88.
1057 4002 1091 4012 —
1116 3969 1144 4037 2)
1163 3971 1197 4028 L.
1216 3989 1238 4029 c

119 4050 281 4122 Einleitung
303 4069 359 4121 pag
390 4053 464 4108 XIV.
896 4070 902 4081 ·
