2738 4634
685 230 836 337 *1⁸2-

199 435 328 500 Medeae
354 435 449 501 verba
481 441 513 498 et
541 455 579 499 ea
608 455 689 517 quae
718 441 829 520 postea
856 435 942 501 diota
964 441 1039 500 sunt
1059 434 1226 501 intercedit
1244 456 1319 500 oon·
1363 484 1365 523 :

198 539 333 619 gruum?
368 537 453 602 Nihil
483 543 575 601 certe.
620 535 702 602 Nam
729 538 790 603 illis
817 539 976 622 prioribus
998 538 1126 615 Medea,
1148 543 1320 622 postquam
1362 614 1365 641 ¹

199 638 368 704 Corinthiis
392 640 544 704 solemnia
566 641 717 723 imposuit
744 640 950 717 celebranda,
974 640 1098 706 sceleris
1120 640 1264 724 piacula,
1290 661 1321 704 sc
1363 648 1365 701 ἶ

198 749 304 806 autem
327 743 430 826 ipsam
447 741 490 807 ad
508 741 645 824 Aegeum
667 743 727 806 iter
749 763 817 806 esse
838 741 1005 819 facturam,
1026 749 1063 806 ut
1083 743 1321 807 matrimonium

198 864 270 907 oum
288 843 342 908 illo
366 845 468 919 iniret,
490 843 691 927 praedicavit,
714 881 756 890 -
778 843 855 926 quid
876 845 942 908 iam
965 844 1051 908 aliud
1074 845 1231 920 restabat,
1261 845 1322 909 nisi

200 946 284 1028 quod
307 946 414 1010 Iasoni
436 967 573 1028 quoque,
596 966 679 1027 quae
699 945 850 1029 perfidiae
875 966 913 1009 ac
936 946 1065 1030 periurii
1087 968 1190 1030 poena
1211 947 1240 1010 ei
1261 947 1321 1010 im·

199 1048 331 1112 minoret
353 1049 584 1113 vaticinaretur.
631 1047 742 1112 Senem
763 1047 938 1112 liberorum
962 1047 1080 1113 deliciis
1097 1048 1259 1131 privatum
1272 1050 1322 1126 iri,

200 1171 263 1213 non
285 1151 464 1234 praedicat3
493 1149 554 1213 hoc
574 1150 642 1232 ipse
663 1149 759 1215 Iason
790 1149 865 1224 scit,
895 1170 967 1212 cum
988 1149 1079 1215 liberi
1100 1150 1195 1215 modo
1218 1156 1324 1216 essent

199 1252 365 1316 interfecti.
409 1252 491 1336 Apte
517 1257 622 1316 autem
650 1251 705 1316 illo
735 1259 911 1328 momento,
941 1273 1004 1335 quo
1033 1252 1128 1316 Iason
1152 1252 1324 1319 liberorum

200 1353 356 1419 iacturam
376 1353 529 1438 deplorat,
551 1376 594 1418 vs.
616 1351 711 1417 1395:

403 1477 527 1554 στείχῶ,
551 1472 670 1537 δισσῶν
692 1469 719 1555 γ’
745 1469 865 1560 δίμορος
886 1477 1003 1538 τέκνων
1025 1509 1066 1518 ·-

198 1591 309 1656 Medea
335 1592 486 1656 maritum
519 1612 647 1655 monere
682 1596 825 1674 poterat,
853 1598 890 1656 ut
911 1591 1152 1657 lamentationes
1174 1590 1218 1674 lin
1252 1613 1322 1657 eam

199 1700 335 1759 aetatem
379 1699 573 1771 reservaret,
614 1714 679 1777 qua
718 1695 756 1757 iis
796 1694 897 1777 magis
945 1714 1042 1776 quam
1080 1693 1113 1756 in
1159 1694 1323 1758 iuventute

198 1796 361 1879 indigeret,
382 1796 415 1859 in
439 1801 640 1872 senectutem,
662 1816 727 1878 qua
750 1797 808 1860 soli
830 1795 920 1862 liberi
942 1796 1042 1880 patris
1065 1795 1258 1860 adminicula
1280 1818 1319 1862 ac

199 1899 327 1963 deliciae
345 1899 416 1963 sint.
436 1934 478 1943 -
496 1897 631 1962 Prorsus
646 1898 754 1962 eadem
773 1898 929 1962 sententia
945 1899 978 1962 in
993 1897 1170 1979 fragmento
1187 1898 1319 1984 Dictyos

198 2001 324 2066 fabulae
345 2000 437 2066 nobis
459 1999 579 2065 tradita
601 2002 698 2077 est¹)‚
720 2000 775 2065 ubi
797 2001 875 2064 haec
897 1999 1062 2082 leguntur:
1087 1994 1142 2066 ὅδε
1164 2023 1321 2085 παρομο-

198 2101 361 2185 θούμενος
382 2099 439 2189 τὴν
463 2102 592 2192 Δανάην
615 2103 863 2169 δυσπενθοῦσαν
886 2107 1003 2180 Δίκτυς
1026 2105 1116 2189 φησί·

351 2222 454 2299 δοκεῖς
475 2219 532 2288 τὸν
553 2220 655 2308 Αίδην
677 2227 742 2288 σῶν
762 2248 795 2287 τι
818 2221 996 2308 φροντίζειν
1019 2219 1103 2305 γόων

349 2326 405 2388 καὶ
426 2320 518 2390 παῖδ’
543 2321 670 2411 ἀνήσειν
688 2321 744 2391 τὸν
767 2324 833 2405 σόν,
857 2323 886 2390 εί
907 2326 1021 2402 θέλοις
1043 2327 1181 2408 ostream

350 2432 484 2491 ιτιῶσοιι·
503 2428 669 2510 βλέπουσα
692 2423 720 2491 δ)
744 2425 791 2506 είς
811 2423 853 2490 τὰ
875 2433 939 2493 τῶν
960 2428 1062 2503 πέλας
1084 2422 1167 2490 κακὰ

351 2527 437 2614 ῥᾴων
458 2526 552 2612 γένοι’
577 2524 624 2610 δν,
649 2527 677 2594 εί
699 2528 887 2614 λογίζεσθαι
909 2530 1023 2606 θέλοις

351 2623 423 2695 ὅσοι
444 2654 479 2696 τε
501 2631 631 2712 δεσμοῖς
653 2628 892 2718 ἕκμεμοχθηναι
913 2634 1039 2717 βροτῶν

352 2727 439 2798 ὅσοι
461 2757 502 2798 τε
523 2731 782 2819 γηράσκουσιν
805 2730 972 2819 ὀρφανοὶ
994 2735 1133 2796 τέκνων

349 2830 425 2912 τοὺς
447 2831 475 2900 δ’
499 2832 532 2899 ἐκ
553 2838 705 2921 μεγίστης
728 2830 841 2919 ὀλβίοις
862 2835 1050 2919 τυραννίδος

348 2933 386 3001 νδ
404 2936 501 3023 μηδὲν
524 2933 628 3013 ὄντας.
650 2934 751 3001 ταῦτά
773 2959 808 3001 σε
831 2948 963 3001 σκονιεῐν
983 2935 1094 3021 χρεῶν.

281 3055 393 3138 Itaque
423 3059 455 3117 et
482 3055 591 3139 priora
619 3060 651 3119 et
682 3055 859 3137 posteriora
890 3054 930 3119 ab
958 3053 1112 3139 Euripide
1142 3061 1217 3138 apte
1247 3061 1324 3121 sunt

199 3157 311 3235 allata3
340 3177 377 3221 ac
405 3178 440 3220 re
462 3177 536 3220 vera
563 3157 766 3231 miraremur,
794 3157 820 3220 si
843 3177 926 3239 quae
948 3156 988 3221 ad
1009 3156 1156 3220 Iasonem
1178 3159 1320 3241 pertine-

198 3264 285 3334 rent,
315 3258 480 3342 Euripides
517 3259 639 3323 silentio
666 3258 946 3342 praetermisisset,
976 3280 1047 3323 cum
1077 3281 1115 3323 ex
1144 3281 1232 3323 more
1263 3281 1322 3325 suo

199 3383 236 3426 ea
259 3361 365 3425 omnia
394 3358 507 3424 afferre
539 3361 655 3437 soleat,
686 3380 768 3444 quae
794 3359 835 3424 ad
864 3359 1005 3425 fabulam
1036 3361 1083 3425 vel
1110 3361 1255 3444 mythum
1280 3362 1323 3427 ad

197 3464 292 3527 finem
313 3484 414 3545 usque
436 3463 654 3545 cognoscenda
682 3468 858 3527 memoratu
876 3462 967 3526 utilia
989 3468 1063 3526 sunt
1071 3461 1109 3545 οί).
1154 3462 1195 3527 Π.
1219 3459 1323 3529 ‘Aueh

199 3565 279 3629 sieht
303 3585 377 3629 man
399 3564 502 3640 nicht,
528 3565 585 3630 wie
613 3566 662 3631 die
694 3565 760 3629 hier
783 3563 980 3629 bezeichnete
1002 3563 1158 3630 Todesart
1180 3565 1228 3629 als
1254 3566 1323 3630 eine

199 3665 428 3731 schmachvolle
455 3667 559 3750 gelten
584 3667 687 3744 kann,
717 3704 756 3713 —
780 3672 940 3732 νατθανεῑ
968 3672 1074 3744 κακῶς
1102 3693 1157 3744 ——3
1181 3667 1260 3732 eben
1286 3690 1323 3732 so

268 3936 294 4000 1)
315 3938 384 3990 Plut.
404 3938 474 3990 Mor.
493 3954 557 4006 pag.
577 3937 626 3991 106
644 3953 669 4000 a,
688 3967 720 3975 -
747 3937 829 3990 Dind.
847 3936 915 4005 srgt.
933 3935 992 3989 336.
1012 3967 1046 3976 -
1071 3938 1098 4002 2)
1117 3937 1157 3990 ef.
1177 3938 1323 3991 Wecklein

199 4023 233 4075 ad
259 4021 392 4077 vs.1386.
