2738 4634
120 1393 209 1525 Rea,
232 1467 328 1530 quam
348 1445 550 1510 tractandam
572 1445 663 1511 nobis
685 1446 906 1532 proposuimus
928 1467 993 1511 non
1006 1467 1090 1511 nova
1105 1451 1162 1523 est,
1184 1466 1241 1510 nec
1359 1521 1362 1526 ¹

120 1551 240 1614 nostris
263 1549 388 1614 demum
410 1549 606 1633 temporibus
627 1549 766 1626 inventa,
787 1548 883 1614 immo
906 1570 979 1614 vero
1002 1569 1049 1627 11,
1073 1569 1155 1632 quae
1176 1550 1241 1614 iam

122 1673 142 1715 a
163 1652 197 1716 P.
220 1651 373 1726 Manutii,
395 1651 498 1716 saeclo
526 1657 614 1716 sexto
642 1650 761 1716 decimo
791 1650 950 1728 florentis,
976 1651 1170 1736 temporibus
1200 1649 1242 1714 ad

120 1756 204 1819 hanc
225 1775 325 1836 usque
347 1757 484 1818 aetatem
505 1753 578 1817 viris
601 1752 714 1818 studiis
736 1760 876 1819 veterum
897 1774 1028 1838 operam
1049 1753 1240 1818 navantibus

121 1855 304 1939 disputandi
325 1856 472 1941 praebuit
494 1876 620 1933 ansam,
642 1891 683 1901 —
707 1857 924 1939 quaestionem
954 1856 1024 1921 dico
1054 1856 1092 1920 de
1117 1856 1242 1931 iterata,

121 1980 219 2041 quam
241 1964 405 2042 usurpant,
428 1957 616 2042 Euripideae
637 1956 767 2023 Medeae
789 1959 933 2024 editione.
980 1958 1021 2022 At
1044 1956 1129 2021 dicat
1152 1957 1240 2039 quis-

120 2063 224 2145 piam,
255 2060 280 2125 si
307 2062 354 2124 ita
374 2081 425 2125 res
454 2082 487 2125 se
509 2059 619 2139 habet,
650 2067 793 2126 curtam
816 2062 959 2127 obsoleta
980 2081 1037 2125 nee
1059 2061 1120 2125 nisi
1149 2080 1242 2142 aegre

121 2165 235 2227 iterum
261 2163 393 2246 legenda
419 2183 529 2228 rursus
552 2164 585 2226 in
617 2162 754 2227 medium
776 2163 838 2229 fers
862 2162 1036 2247 agitanda?
1079 2152 1141 2226 Res
1163 2161 1242 2225 haee

121 2272 179 2330 est.
224 2265 267 2342 Si,
289 2285 386 2348 quam
408 2287 515 2330 sumus
534 2267 714 2342 tractaturi,
737 2266 781 2330 sic
803 2266 843 2331 ab
869 2266 1043 2331 editoribus
1067 2265 1117 2328 vel
1141 2264 1240 2328 inter-

120 2367 263 2451 pretibus
285 2389 349 2433 uno
371 2374 480 2433 tenore
500 2373 641 2432 tractata
663 2374 802 2433 exstaret
824 2369 986 2452 quaestio,
1008 2373 1045 2432 ut
1074 2366 1177 2449 qualis
1202 2366 1243 2429 sit

121 2471 188 2534 eius
211 2475 314 2536 status
337 2491 375 2536 ac
397 2470 546 2546 conditio,
567 2470 641 2535 inde
662 2471 771 2535 statim
792 2470 925 2553 intelligi
946 2475 1064 2554 posset,
1085 2490 1125 2533 ne
1146 2469 1241 2533 verbo

122 2573 250 2656 quidem
272 2594 342 2638 eam
371 2573 604 2655 attingeremus.
651 2573 798 2638 Attamen
827 2593 901 2638 vero
932 2593 1056 2647 eorum,
1087 2571 1140 2654 qui
1169 2572 1243 2635 huie

121 2677 168 2740 rei
190 2696 318 2759 operam
334 2674 497 2753 dederunt,
518 2675 659 2740 virorum
678 2676 969 2751 commentationes,
991 2675 1076 2738 velut
1093 2673 1243 2758 Wolperi,
1305 2702 1307 2706 ’

121 2776 287 2856 Boeckhii,
316 2777 498 2854 Matthiaei,
525 2778 678 2853 Elmsleii‚
708 2778 787 2842 God.
811 2776 999 2852 Hermanni,
1021 2774 1170 2858 Pflugkii,
1200 2779 1244 2841 111

123 2886 199 2944 sunt
225 2881 435 2965 compositae,
462 2887 499 2945 ut
530 2902 569 2945 ex
595 2883 680 2946 omni
715 2885 820 2965 parte,
847 2878 923 2962 quid
959 2879 1000 2943 111
1029 2878 1242 2961 iudicandum,

122 2983 326 3048 manifestum
356 3004 420 3048 non
455 2984 607 3061 reddant,
641 3004 713 3048 cum
749 2989 781 3046 et
812 2981 873 3065 ipsi
904 2981 1105 3063 quaestiones
1142 2983 1243 3064 magis

123 3085 393 3169 amplificaverint,
416 3106 513 3168 quam
535 3085 576 3150 ad
597 3085 692 3150 finem
713 3105 814 3169 usque
835 3081 1048 3168 perduxerint,
1066 3088 1097 3148 et
1118 3091 1244 3168 praeter

123 3209 177 3253 eos
208 3188 260 3252 alii
286 3188 337 3252 hic
367 3187 431 3252 illio
460 3187 719 3253 adnotationibus
741 3207 798 3271 per
828 3185 1024 3250 occasionem
1053 3185 1159 3250 allatis
1188 3193 1244 3251 111

124 3289 244 3372 aliquid
273 3289 450 3355 addiderint
477 3296 533 3354 aut
555 3289 787 3373 abrogaverint.
830 3287 895 3352 Nec
923 3289 1030 3365 ineo,
1059 3289 1114 3371 qui
1141 3311 1241 3373 nuper

124 3399 172 3456 est
187 3392 288 3456 editus
301 3391 470 3458 Weckleini
485 3392 613 3473 libr01),
630 3394 689 3457 etsi
703 3393 805 3456 multa
819 3392 852 3455 in
867 3392 1084 3474 quaestionem
1099 3398 1243 3456 nostram

123 3494 285 3578 praeclare
307 3493 495 3566 afferuntur,
526 3517 657 3579 prorsus
680 3495 810 3559 definita
831 3501 880 3559 est
902 3494 1082 3578 disputatio.
1128 3493 1242 3577 Itaque
1345 3565 1350 3575 ι

124 3617 239 3681 operae
259 3597 396 3681 pretium
417 3596 540 3662 ridetur
562 3618 639 3674 1111,
661 3603 697 3661 11
719 3620 757 3662 ex
775 3597 923 3681 dispersis
938 3595 1054 3678 ubique
1072 3616 1241 3679 argumen-

124 3699 166 3762 tis
190 3698 304 3763 similia
326 3698 519 3782 colligamuS,
542 3700 703 3765 contraria
721 3719 930 3776 secernamus,
951 3698 1034 3762 inter
1056 3719 1089 3762 11
1110 3719 1244 3784 perpen-

124 3800 247 3877 damus„
270 3800 347 3884 quid
370 3800 408 3866 de
429 3802 468 3866 iis
491 3803 532 3866 sit
557 3801 761 3866 iudicandum
783 3799 1002 3878 ostendamus,
1027 3801 1136 3882 itaque
1164 3823 1244 3879 eam,

125 3925 207 3986 quae
230 3903 271 3968 sit
292 3904 338 3967 rei
359 3902 510 3987 conditio,
532 3903 733 3969 manifestam
754 3902 934 3969 reddamus.
949 3939 990 3952 -

193 4075 220 4141 1)
240 4073 439 4142 Ausgewthlte
457 4073 616 4142 Trngtdien
634 4073 684 4126 des
703 4072 859 4142 Euripides,
877 4074 928 4127 Bd.
946 4073 960 4126 I
977 4072 1084 4126 Medea.

1010 4161 1045 4211 ¹*

569 4292 842 4412 154315
