2738 4634
554 288 705 394 A

60 493 226 570 Romane,
252 493 308 577 qui
337 493 432 558 Ennii
462 492 605 557 Medeam
633 498 691 557 aut
712 490 841 557 Pacuvii
864 491 1035 576 Antiopam
1057 499 1188 577 spernat

60 602 123 662 aut
143 596 276 661 reiciat?
304 597 359 680 qui
385 617 421 667 se
449 595 560 663 iisdem
581 593 741 678 Euripidis
771 594 888 659 fabulis
919 595 1068 661 delectari
1090 595 1184 674 dicat,

58 697 197 764 Latinas
215 698 337 765 litteras
360 695 480 764 oderit'.
525 697 667 761 Alterum
684 695 745 760 hoo
760 697 975 762 testimonium
993 719 1065 761 curn
1081 697 1187 782 priore

58 800 119 865 illo
146 821 211 865 non
239 801 316 865 satis
344 798 509 865 convenire
537 797 689 864 videatur.
734 796 796 863 Sed
818 797 977 864 Ciceronis
1009 799 1106 864 verba
1126 795 1185 864 ‘fa-

61 902 165 968 bellas
188 903 305 968 latinas
327 901 520 968 adverbum
542 897 717 985 expressas'
746 923 812 966 non
840 896 887 965 ita
916 922 984 966 esse
1005 901 1185 985 premenda,

60 1023 105 1071 ex
122 1005 218 1070 tertio
240 1005 307 1070 eius
329 1009 464 1089 apparet
485 1003 565 1080 loco,
583 1000 636 1066 Or.
656 1003 710 1068 11:
732 997 956 1086 ‘neglegentius
978 1004 1081 1069 multa
1100 1003 1187 1088 apud

60 1128 147 1185 eum,
162 1145 204 1154 —
219 1129 262 1174 sc.
280 1107 419 1172 Ennium
434 1143 485 1183 -‚
499 1104 604 1186 inisse,
620 1126 717 1188 quam
732 1105 819 1190 apud
834 1104 1045 1183 Pacuvium1).
1061 1142 1103 1152 —
1121 1105 1186 1172 Ubi

59 1230 139 1275 vero
168 1209 347 1293 fragmenta
378 1209 450 1293 ipsa
477 1206 572 1273 Ennii
596 1206 841 1290 inspexerimus,
876 1207 1058 1273 testimonia
1083 1208 1138 1273 illa
1167 1230 1187 1273 a

59 1333 139 1377 vero
161 1311 247 1377 haud
275 1313 445 1378 abhorrere
471 1310 645 1395 apparebit.
688 1309 772 1374 Dum
798 1311 863 1376 alia
893 1309 935 1375 ad
963 1311 1094 1377 verbum
1122 1311 1187 1376 fere

58 1412 242 1499 Euripideis
268 1414 409 1480 versibus
437 1412 630 1497 respondent
640 1412 686 1489 2),
712 1411 775 1480 alia
811 1418 869 1477 aut
898 1412 999 1496 magis
1034 1419 1091 1479 aut
1126 1414 1186 1479 rni-

59 1536 124 1581 nus
163 1515 324 1600 Euripidis
370 1515 504 1599 vestigia
544 1520 619 1578 sunt
663 1520 788 1595 secuta,
833 1535 922 1590 eum,
965 1536 1047 1599 quae
1086 1516 1186 1582 latino

61 1617 212 1702 scriptori
232 1619 336 1684 minus
360 1618 553 1698 arriderent,
584 1621 641 1680 aut
663 1616 939 1694 contrahantur⁸)‚
961 1624 1018 1682 aut
1039 1617 1187 1684 liberiore

61 1718 205 1804 quadam
242 1720 366 1786 ratione
409 1724 586 1785 tractentur
595 1720 631 1796 4).
690 1717 782 1784 Unde
824 1719 984 1802 sequitur,
1027 1727 1063 1785 ut
1101 1722 1187 1788 haud

59 1821 155 1887 facile
187 1820 215 1887 ei
247 1822 476 1907 persuadeant,
513 1821 568 1904 qui
604 1819 736 1904 duplicis
764 1821 956 1886 recensionis
992 1822 1094 1888 inesse
1125 1848 1186 1908 pu·

57 1928 131 1989 tent
151 1923 284 2008 vestigia
312 1924 345 1989 in
367 1924 406 1989 iis
427 1922 628 2006 fragmentis,
658 1943 740 2006 quae
768 1944 833 1988 non
865 1944 997 2008 prorsus
1027 1946 1099 1989 cum
1120 1925 1185 1990 Eu·

57 2024 176 2110 ripidis'
209 2027 372 2092 sententiis
409 2025 606 2090 conveniunt.
660 2023 726 2089 Nec
761 2024 840 2089 illud
872 2030 958 2090 certo
996 2025 1185 2094 documento

57 2148 129 2194 esse
164 2133 285 2213 potest,
331 2127 418 2212 quod
445 2126 540 2190 Ennii
575 2126 761 2210 fragmenti,
801 2149 821 2191 a
850 2125 998 2192 Cicerone
1014 2128 1039 2206 ὁ)
1075 2130 1187 2194 traditi

57 2250 194 2315 prorsus
216 2231 305 2296 nulla
331 2230 365 2294 in
386 2250 424 2294 ea
446 2250 543 2312 quam
571 2228 723 2294 habemus
746 2228 858 2294 Medea
879 2229 1012 2312 vestigia
1032 2230 1182 2297 invenias.

59 2329 223 2397 Ciceronis
245 2332 342 2398 verba
363 2331 441 2398 haec
459 2336 549 2396 sunt:
572 2330 620 2396 Tu
642 2331 697 2415 qui
719 2331 831 2396 ceteris
854 2353 963 2397 cavere
986 2331 1132 2411 didicisti,
1153 2335 1186 2398 in

60 2433 233 2500 Britannia
253 2456 293 2499 ne
315 2435 355 2500 ab
378 2433 545 2499 essedariis
568 2432 734 2519 decipiaris
757 2439 881 2499 caveto:
904 2441 936 2499 et
954 2435 1104 2519 quoniam
1119 2436 1186 2500 Me-

61 2536 158 2603 deam
179 2557 273 2620 agere
295 2537 384 2622 coepi
404 2536 484 2600 illud
506 2555 628 2620 semper
645 2542 816 2618 memento:

215 2634 289 2716 ‘Qui
315 2642 383 2724 ipse
405 2638 465 2704 sibi
488 2637 614 2724 sapiens
642 2636 792 2722 prodesse
814 2638 964 2722 ndnquit,
993 2640 1186 2726 nequiquam

828 2735 921 2825 sapit’

59 2864 147 2930 quae
164 2844 207 2910 ad
228 2866 354 2910 versum
374 2842 535 2927 Euripidis
557 2840 712 2927 respicere
733 2849 867 2928 apparet
877 2845 924 2921 6);

67 2990 273 3001 *—

133 3063 163 3132 1)
182 3061 223 3116 Cf.
241 3062 309 3116 Hor.
333 3077 357 3118 a.
381 3068 454 3130 poet.
471 3059 530 3116 262.
567 3059 654 3125 Quint
685 3060 711 3114 X
730 3063 753 3124 1,
771 3059 812 3115 88.
837 3092 869 3101 ·—
893 3062 921 3132 2)
947 3062 1026 3117 Cous.
1053 3064 1118 3134 frgt.
1144 3081 1187 3133 ap.

60 3149 200 3203 Ribbeck.
219 3148 313 3201 111=
331 3147 425 3214 Eurip.
443 3145 517 3199 Med.
536 3162 592 3198 ves.
611 3145 650 3199 57.
670 3145 717 3203 58:

270 3232 376 3300 Cupido
395 3232 469 3299 cepit
484 3231 614 3284 miseram
632 3247 704 3284 nunc
721 3247 765 3285 me
783 3230 912 3299 prdloqui
986 3257 990 3261 ·

271 3318 356 3372 Caelo
375 3318 458 3384 atque
476 3321 569 3370 terrae
587 3314 697 3370 Medeai
713 3317 841 3369 miserias

169 3427 203 3448 ==
272 3401 343 3455 ὥσθ’
361 3398 456 3473 ἵμερος
471 3400 612 3471 μούπῆλθε
630 3403 666 3472 γῇ
682 3419 712 3453 τε
729 3399 856 3474 κούρανῷ

271 3487 345 3549 λέξαι
361 3487 501 3557 μολοῦσαν
518 3486 597 3557 δεῦρο
616 3485 761 3552 δεσποίνης
777 3486 869 3557 τύχας.

67 3575 154 3645 Quod
173 3573 317 3638 δεσποίνης
334 3574 498 3625 vocabulum
516 3570 643 3625 ‘Medeai'
665 3587 734 3624 voce
757 3571 895 3626 redditum
914 3579 970 3636 est,
994 3573 1120 3633 fuerunt.
1144 3575 1191 3642 qui

69 3661 98 3715 iu
125 3659 171 3712 bis
195 3657 316 3725 duplicis
339 3657 512 3711 recensionis
537 3656 631 3710 inesse
653 3657 786 3711 indicium
809 3662 945 3726 putarent.
982 3658 1012 3711 Si
1036 3658 1085 3711 tali
1109 3674 1192 3726 argu·

66 3748 162 3799 mento
182 3742 293 3804 utimur,
313 3742 404 3795 omnia
421 3746 540 3809 possunt
566 3743 686 3809 probari.
713 3772 744 3780 -
774 3742 802 3807 3)
826 3742 904 3796 Conf.
928 3743 993 3812 frgt
1018 3743 1059 3797 IX
1076 3767 1109 3786 =
1127 3743 1192 3796 Eur.

65 3829 143 3884 Med.
162 3842 220 3882 uss.
238 3826 365 3889 371-75,
383 3824 531 3889 ese-400,
556 3833 587 3878 ut
604 3842 676 3894 quae
694 3827 843 3895 Euripides
871 3832 932 3881 octo
951 3828 1089 3896 expressit
1107 3828 1194 3881 versi-

68 3916 133 3975 bus,
150 3912 243 3965 tribus
261 3912 395 3965 Ennianis
413 3911 615 3966 contineantur.
633 3941 666 3951 —-
682 3910 713 3973 4)
732 3912 773 3965 Cf.
792 3913 859 3981 frgt.
878 3912 904 3965 X
918 3937 951 3958 -=
968 3913 1033 3966 Eur.
1052 3912 1125 3965 Med.
1142 3912 1194 3965 bor

66 3996 163 4051 -504,
186 4026 215 4035 -
231 3996 259 4063 5)
277 3995 318 4068 Ep
345 3997 380 4050 ad
398 3996 473 4051 Earn.
499 3995 562 4060 vn,
585 3995 610 4053 6.
632 4025 667 4034 »-
703 3996 730 4064 6)
748 3998 833 4069 Apud
857 3997 912 4054 Cic.
938 3998 987 4072 Ep.
1012 3998 1047 4050 ad
1070 3996 1134 4055 farn.
1153 3997 1194 4063 13,

72 4083 116 4150 15,
134 4083 160 4140 2.
