2738 4634
604 229 644 299 19

58 446 166 507 lemur
187 441 283 525 igitur
304 438 492 525 intelligere!
537 439 678 504 Primum
700 461 764 505 non
785 440 882 505 fuisse
904 439 1124 523 necessarium,
1147 447 1185 506 ut

60 545 119 621 sio,
148 543 306 627 quomodo
333 544 367 608 in
397 543 501 608 auimo
531 542 679 621 haberet,
706 541 817 606 Medea
845 541 967 607 facinus
995 565 1087 608 suum
1112 565 1184 628 per-

59 651 220 730 petraret3
248 666 313 710 non
334 643 431 709 luisse
452 645 678 722 necessarium,
704 649 741 708 ut
762 643 873 709 Medea
902 645 1001 710 vitam
1029 650 1184 723 servaret3

61 755 121 814 aut
143 749 171 812 si
193 768 318 813 servare
340 746 487 824 debebat,
514 747 623 831 paullo
650 747 738 831 prius
767 747 795 811 oi
822 746 939 812 liberos
966 748 1125 813 trucidare
1146 748 1185 812 li-

61 851 177 928 cuisse,
200 851 308 915 statim
330 856 405 935 post
425 849 523 914 missa
538 849 632 926 dona,
654 855 690 913 ut
704 847 843 931 fugiendi
859 850 982 915 occasio
1000 856 1131 934 pateret.
1147 888 1185 896 —

62 952 98 1018 Si
120 953 232 1017 talium
253 952 413 1017 rationum
436 949 598 1035 quandam
614 954 711 1035 poiita
725 951 882 1034 elegisset,
903 953 1087 1018 Aristoteles
1103 960 1186 1019 corte

69 1055 165 1119 deum
187 1076 225 1120 ex
245 1055 394 1119 machina
411 1075 476 1119 non
493 1055 710 1139 vituperasset.
749 1051 809 1118 Sed
826 1074 922 1139 porro
941 1055 1188 1132 1111111151).-

62 1152 155 1222 ‘Fast
176 1157 300 1222 mdohte
321 1177 397 1220 man
418 1156 563 1240 glauben,
587 1155 660 1221 dass
684 1155 744 1221 das
767 1155 823 1221 der
844 1155 994 1222 Gedanke
1017 1157 1072 1223 des
1091 1157 1188 1223 Dich-

64 1265 132 1325 ters
163 1260 261 1325 selbst
287 1279 366 1337 war,
394 1258 450 1323 der
480 1258 585 1323 hinter
612 1258 695 1322 allen
725 1257 888 1324 Wundern
916 1260 984 1326 eine
1012 1260 1188 1325 natiirliche

63 1361 287 1444 Entwicklung
309 1358 533 1426 durchbliohen
554 1360 644 1425 l‘asst.
689 1360 780 1426 Denn
802 1382 834 1427 es
857 1361 955 1427 istim
970 1382 1091 1444 ganzen
1108 1361 1188 1427 Ver-

63 1464 138 1529 lauf
156 1464 211 1529 des
226 1463 360 1530 Stiiches
383 1462 490 1527 nicht
511 1462 569 1527 auf
588 1462 638 1527 die
652 1461 814 1528 Maschine
835 1465 1002 1547 gerochnet
1022 1462 1088 1529 und
1110 1463 1187 1528 wird

65 1565 150 1631 auch
172 1586 234 1630 von
256 1565 311 1631 der
332 1564 444 1630 Medea
464 1564 612 1648 nirgends
635 1585 677 1629 au
695 1565 740 1629 sie
761 1564 903 1648 gedaoht.
947 1566 1006 1633 Die
1023 1566 1185 1631 Maschine

64 1668 111 1732 ist
132 1667 199 1732 hier
220 1668 276 1733 wie
305 1667 427 1733 iiberall
453 1665 623 1750 gleichsam
650 1688 733 1731 zum
759 1667 999 1734 Ueberfluss
1024 1668 1094 1733 und
1115 1668 1189 1733 mit

67 1768 220 1835 Gewalt
246 1768 586 1852 herbeigezogeu,
614 1790 668 1833 um
698 1769 754 1834 der
775 1769 931 1854 Tragddie
959 1772 1049 1837 einen
1070 1769 1187 1836 111111-

65 1893 130 1955 gen
152 1871 281 1937 Schluss
309 1893 349 1935 zu
376 1871 479 1936 leihen
493 1873 552 1949 (1).
596 1871 705 1935 Dieser
727 1870 856 1938 Schluss
886 1873 929 1938 ist
956 1873 1008 1938 fiir
1037 1873 1087 1938 die
1109 1872 1189 1937 Tra·

66 1973 161 2058 giidie
183 1973 352 2058 dasjenige,
374 1994 439 2039 was
461 1973 512 2038 fiir
529 1973 598 2038 eine
620 1971 795 2038 Standrede
817 1975 867 2040 die
889 1976 1049 2059 peroratio
1072 1975 1133 2057 ist,
1155 1975 1190 2038 in

10 2114 12 2119 ·
65 2076 201 2142 welohor
228 2075 284 2140 der
305 2075 413 2141 Inhalt
436 2075 490 2140 des
517 2096 638 2158 ganzen
668 2075 750 2140 noch
773 2077 888 2141 einmal
913 2079 1033 2142 veroint
1057 2098 1115 2142 ror
1141 2077 1190 2141 die

66 2179 181 2261 Augen
201 2178 327 2261 gestellt
347 2177 434 2259 wird,
457 2178 545 2241 nicht
565 2178 599 2241 in
613 2177 823 2262 langweiliger
838 2178 1092 2262 Wiederholung‚
1114 2199 1188 2243 son-

67 2280 149 2344 deru
177 2281 210 2344 in
237 2279 432 2363 energischer
453 2277 703 2363 Ooncentrirung
733 2280 800 2345 uud
830 2282 889 2345 mit
917 2281 988 2345 dem
1016 2279 1187 2345 Aufwande

69 2382 151 2446 aller
173 2382 243 2446 dem
264 2381 389 2448 Redncr
411 2403 451 2445 zu
473 2380 592 2447 Gcbote
610 2382 776 2447 stehender
797 2382 917 2448 Kr'afta
961 2382 1017 2446 Boi
1039 2381 1094 2446 der
1108 2381 1188 2445 Tra-

67 2484 163 2568 giidie
184 2490 336 2549 miissen
363 2483 445 2553 auch
474 2487 601 2548 tessere
627 2483 685 2548 auf
710 2484 760 2548 die
787 2484 881 2550 Sinne
907 2483 1064 2549 wirkende
1085 2483 1187 2548 Mittel

69 2608 129 2652 zur
143 2585 239 2651 Hiilie
253 2605 438 2669 genommen
455 2583 589 2663 werden,
605 2586 669 2650 und
687 2585 736 2650 die
750 2585 946 2651 Maschine
964 2586 1055 2650 darf
1073 2586 1190 2651 daher

68 2687 201 2754 salton
233 2685 377 2752 iehlen².
427 2687 513 2752 Deus
544 2688 641 2771 igitur
676 2688 768 2771 quasi
797 2687 935 2752 crinibus
965 2688 1119 2765 trahitur,
1154 2693 1190 2751 ut

66 2789 253 2873 tragoediae
275 2790 445 2856 solemnem
467 2791 610 2872 imponat
632 2789 885 2854 conclusionem?
928 2789 1014 2873 Ergo
1046 2810 1110 2854 non
1132 2809 1186 2852 ne·

68 2892 226 2959 cessarius
256 2897 320 2969 est,
349 2913 413 2957 non
443 2913 514 2955 cum
543 2891 612 2974 ipso
643 2890 770 2957 fabulae
799 2897 985 2974 argumento
1015 2891 1190 2956 arctissime
1259 2896 1267 2904 ’

68 2996 261 3071 cohaerens,
289 2995 385 3058 immo
412 3015 484 3058 vero
515 2993 651 3058 maxime
677 2992 816 3069 solutus,
851 3013 1120 3076 supervacaneus,
1150 2993 1190 3056 ab

67 3097 241 3162 Aristotele
261 3097 330 3160 iure
350 3097 555 3179 vituperatus.
600 3094 688 3171 Quae
716 3101 822 3160 autem
847 3095 930 3159 inter
957 3094 1191 3181 perorationem

69 3205 104 3264 et
132 3197 259 3264 fabulae
289 3197 384 3262 finem
413 3196 470 3262 deo
498 3195 643 3262 effectum
679 3196 845 3261 intercedit
871 3196 1062 3262 similitudo?
1105 3195 1192 3260 Haec

71 3300 227 3367 orationis
251 3304 471 3382 argumentum
492 3298 602 3382 paucis
623 3298 737 3376 refert,
758 3298 1011 3383 comprehendit,
1040 3334 1081 3344 -
1105 3297 1191 3373 deus,

71 3402 160 3486 quod
181 3401 361 3466 homiuibus
384 3400 570 3478 obscurum,
591 3401 706 3465 mirum
728 3399 908 3476 videbatur,
930 3399 1083 3483 explicat,
1111 3419 1193 3482 quae

70 3505 183 3569 lutura
204 3508 288 3580 sunt,
309 3503 488 3587 praelatum
510 3524 549 3567 ac
570 3524 604 3567 re
625 3523 698 3567 vera
718 3501 753 3565 iu
774 3501 812 3564 iis
826 3500 942 3566 fabulis
958 3501 1065 3566 deesse
1082 3500 1192 3583 nequit

72 3607 163 3682 deus,
184 3605 217 3669 in
233 3604 348 3687 quibus
364 3605 590 3689 spectantibus,
613 3605 640 3669 si
655 3604 785 3679 deesset,
807 3603 846 3666 de
859 3603 921 3668 fine
935 3603 1117 3686 tragoediae
1133 3603 1192 3665 du·

72 3707 161 3774 bium
175 3706 413 3789 relinqueretur.
444 3704 505 3771 Sed
519 3727 684 3789 nunquam
704 3706 782 3769 haec
800 3704 902 3782 ratio,
923 3705 1066 3788 quamvis
1081 3709 1193 3788 poetae

73 3809 173 3875 verba
187 3808 251 3874 siut
265 3806 486 3892 pulcherrima,
507 3814 613 3892 potest
627 3806 760 3892 laudari.
793 3805 838 3872 cf.
853 3805 976 3891 Pflugk,
993 3807 1014 3873 l.
1030 3827 1055 3872 c.
1070 3826 1143 3891 pag.
1163 3804 1192 3869 9.

75 3959 279 3970 ,-.....-.--

144 4028 173 4097 1)
197 4026 286 4095 Pagg.
311 4025 371 4090 XV,
395 4025 462 4080 XVl
486 4031 514 4080 et
532 4031 675 4082 comment.
701 4026 737 4078 ad
754 4043 827 4084 vers.
846 4025 912 4080 1008
930 4026 995 4080 edit.
1016 4024 1095 4080 Hert.

960 4118 974 4166 2
980 4113 994 4144 11
