2738 4634
598 245 635 308 11

545 344 694 352 .-—-—-—-

210 447 283 534 δέρῃ
306 444 484 533 κρεμαστὸν
506 444 638 537 ἀγχόνην
660 445 856 528 ἐπισπάσας.

210 553 285 614 τοία
308 571 343 614 σε
364 560 464 638 μοῖρα
486 557 551 618 σῶν
572 558 678 617 κακῶν
701 549 800 638 ἔργων
821 565 919 635 μενεῖ,

210 652 335 731 δίδαξις
358 649 468 731 ἄλλοις
488 657 617 739 μυρίοις
639 651 811 740 ἐφημέροις

209 758 298 820 θεῶν
319 747 446 842 ὕπερθε
467 752 587 843 μήποτ’
611 754 766 841 αἴρεσθαι
784 753 928 841 βροτούς.

141 854 282 920 Primum
305 856 526 941 fragmentum,
548 858 602 922 ubi
625 879 696 922 cum
718 857 820 922 verbis
842 857 1031 941 Euripideae
1049 857 1177 922 Medeae
1259 934 1262 939 ¹
1305 876 1307 881 “

52 958 321 1041 respondentibus
332 961 359 1035 1)
382 959 616 1036 contulerimus,
640 959 748 1024 statim
771 960 947 1044 apparebit,
969 959 1076 1043 paullo
1091 960 1177 1023 aliud
1248 970 1251 975 “

54 1064 201 1149 secutum
232 1081 300 1126 esse
330 1066 551 1145 argumentum
581 1061 819 1146 Neophronem,
856 1082 952 1145 quam
984 1053 1177 1145 Euripidem.

55 1148 120 1226 1116
138 1158 220 1227 enim
244 1163 381 1246 Aegeum
411 1163 452 1227 ad
478 1164 580 1247 ipsam
602 1163 744 1229 Medeam
772 1165 832 1228 iter
857 1163 960 1228 facere
987 1169 1113 1241 narrat,
1143 1169 1180 1227 ut

55 1264 99 1328 ab
131 1263 187 1329 illa
216 1264 255 1329 de
284 1271 412 1350 accepto
444 1265 572 1330 oraculo
604 1267 718 1330 certior
746 1265 818 1343 fiat3
847 1266 1013 1348 Euripides
1042 1266 1179 1348 Aegeum

39 1366 207 1457 ,ἕδρη-εδ
229 1366 372 1432 Medeam
395 1367 568 1432 venientem
589 1367 683 1445 facit,
712 1367 746 1430 in
774 1368 842 1451 ipso
872 1358 983 1432 itincre
1004 1366 1179 1432 Troezenas

55 1468 224 1552 suscepto,
251 1469 307 1534 ubi
329 1469 489 1534 Pittheum
510 1489 614 1552 regem
638 1470 810 1553 sapientem
833 1469 872 1534 de
894 1470 1028 1535 obscuro
1051 1470 1179 1534 oraculo

58 1572 226 1637 certiorem
249 1592 282 1636 se
304 1571 462 1636 facturum
485 1593 552 1637 esse
574 1571 731 1655 sperabat.
774 1571 833 1636 His
855 1573 951 1654 igitur
972 1573 1005 1635 in
1027 1593 1179 1636 enarran-

56 1673 107 1740 dis
125 1673 292 1758 Euripides
315 1673 494 1756 diligentius
518 1693 612 1756 quam
635 1671 806 1757 Neophron
832 1695 914 1757 quae
934 1674 1055 1739 tradita
1077 1673 1178 1739 omni·
1299 1759 1300 1762 Ἴ

56 1778 183 1860 busque
204 1780 282 1841 nota
300 1780 391 1840 erant
414 1776 577 1853 servabat,
607 1775 682 1839 dum
701 1776 808 1841 multis
831 1777 900 1841 aliis
921 1777 1008 1855 locis,
1030 1777 1179 1860 neglectis

53 1879 194 1957 traditis,
215 1899 308 1954 nova,
330 1898 412 1961 quae
433 1878 494 1962 ipsi
511 1877 611 1960 magis
629 1877 814 1957 arriderent,
836 1879 954 1962 fingere
968 1879 1055 1943 haud
1069 1900 1175 1944 cessa-

55 1983 123 2049 bat.
170 1979 252 2059 Quin
274 1981 369 2046 etiam
392 1981 424 2044 in
446 1979 558 2044 iisdem
578 1980 672 2045 rebus
696 1981 881 2047 enarrandis
903 2004 942 2046 ne
963 1983 1031 2065 ipse
1053 1981 1178 2065 quidem

56 2085 119 2150 sibi
136 2089 286 2149 constans
308 2088 364 2148 est.
409 2081 504 2146 Cuius
527 2082 661 2147 rationis
684 2085 826 2168 exempla
848 2083 1024 2149 Boeckbius
1048 2083 1178 2166 diligen-

54 2187 179 2253 tissime
200 2185 377 2268 collegit2);
402 2169 538 2267 quocum
556 2186 712 2249 tamenin
735 2207 770 2250 eo
793 2208 858 2252 non
880 2186 1003 2265 faciam,
1028 2186 1113 2269 quod
1135 2183 1179 2249 ‘in

56 2290 182 2355 duabus
205 2288 283 2353 adeo
305 2287 423 2352 Medeis
446 2286 526 2351 duas
556 2287 769 2371 discrepantes
798 2289 924 2355 fabulas
948 2295 1089 2353 secutum
1111 2309 1179 2352 esse

55 2388 249 2476 Euripidem²
272 2389 450 2464 contendit,
475 2389 513 2452 de
544 2410 607 2472 quo
638 2391 747 2454 statim
776 2391 999 2475 disputabitur.
1024 2427 1064 2436 —
1092 2390 1179 2454 Idem
1243 2422 1251 2463 ς

54 2495 121 2559 fere
153 2494 192 2559 de
220 2493 313 2558 tertio
341 2491 519 2574 fragmento
549 2496 597 2556 est
625 2491 799 2558 dicendum.
845 2491 923 2558 Cum
953 2492 1124 2577 Neophron
1145 2493 1179 2555 in
1251 2486 1253 2493 ’
1298 2505 1304 2527 ·’

57 2595 267 2662 describenda
295 2599 396 2659 morte
425 2593 548 2658 Iasonis
577 2593 673 2658 aliam
708 2599 804 2678 atque
839 2596 960 2680 priores
998 2599 1180 2678 sequeretur

57 2696 273 2776 traditionem,
296 2718 367 2762 cum
390 2695 558 2781 suspendio
581 2717 652 2759 eum
669 2697 768 2762 vitam
789 2696 896 2762 finisse
913 2701 1030 2774 narret,
1053 2696 1179 2780 Euripi-

57 2802 130 2879 des,
164 2821 246 2884 quae
274 2804 366 2864 erant
386 2798 522 2876 tradita,
549 2797 583 2861 in
606 2820 696 2863 suam
719 2799 859 2865 fabulam
881 2800 1034 2876 restituit,
1065 2798 1179 2881 quibus

56 2905 131 2972 Iaso
155 2904 259 2987 Argus
281 2903 459 2985 fragmento
482 2905 612 2964 necatus
634 2923 702 2966 esse
725 2901 848 2979 dicitur,
871 2924 915 2967 vs.
941 2901 1023 2966 1386
1046 2923 1115 2983 sqq.
1139 2935 1179 2944 -

141 3004 208 3071 Nec
230 3010 335 3069 tamen
364 3023 472 3068 omnes
498 3002 606 3067 eadem
636 3003 674 3068 de
702 3005 750 3069 his
780 3005 922 3070 versibus
950 3006 1086 3068 utuntur
1107 3023 1178 3066 sen-

56 3108 168 3175 tentia.
205 3107 418 3191 Interpolatos
433 3125 486 3170 eos
505 3125 624 3169 esseae
641 3106 813 3171 reiciendos
829 3105 990 3171 Nanclrius
1013 3105 1133 3169 censuit
1144 3105 1180 3181 ³),

58 3212 145 3298 quod
168 3211 293 3295 quidem
323 3208 473 3273 iudicium
499 3206 547 3271 his
576 3192 672 3272 haud⁴
691 3209 782 3273 valde
812 3209 876 3274 veri
906 3207 1060 3273 similibus
1084 3228 1179 3288 argu-

57 3315 172 3380 mentis
202 3313 330 3378 firmare
358 3310 472 3376 studet.
500 3308 525 3373 1.
568 3305 638 3374 ‘Die
668 3309 876 3394 Weissagung
910 3310 988 3374 tiber
1023 3308 1084 3372 den
1111 3307 1180 3372 'lod

59 3418 113 3484 des
135 3417 237 3482 Jason
258 3415 302 3479 ist
324 3434 366 3476 an
388 3412 489 3477 dieser
511 3411 605 3477 Stelle
627 3412 741 3477 hbchst
757 3412 977 3488 befremdlich‚
1008 3412 1049 3475 da
1069 3400 1180 3475 Medda

58 3520 164 3586 weiter
186 3523 294 3595 auten,
315 3539 357 3582 vs.
382 3514 479 3592 1396,
500 3514 565 3578 ihm
587 3512 644 3579 das
666 3514 877 3579 Elend'eines
900 3513 1100 3578 kinderlosen
1122 3513 1176 3576 Al-

59 3629 124 3689 ters
145 3622 180 3686 in
202 3619 350 3686 Aussicht
374 3618 468 3695 stelit,
491 3616 596 3682 indem
620 3617 664 3683 sie
687 3622 774 3701 sagt:

265 3719 357 3788 οὔπω
379 3726 521 3808 θρηνεῖς·
543 3723 617 3801 μένε
639 3721 693 3785 καὶ
715 3716 832 3807 yppos?
1224 3797 1226 3800 .

145 3824 289 3890 Alterum
314 3823 411 3906 igitur
441 3822 548 3888 deesse
578 3822 731 3889 debebat?
774 3822 833 3888 Sed
862 3822 938 3907 quid
963 3822 1045 3885 inter
1071 3819 1181 3902 priora

60 3962 264 3976 —..-......

128 4044 156 4114 1)
174 4060 231 4100 uss.
250 4043 301 4098 665
318 4060 379 4112 sqq.
397 4074 430 4082 —
448 4044 477 4112 2)
495 4045 513 4098 l.
532 4059 554 4097 c.
572 4058 636 4111 pag.
655 4043 713 4097 258.
732 4073 764 4082 -
790 4042 817 4111 3)
835 4043 929 4111 Eurip.
947 4042 1063 4097 Studien
1081 4042 1103 4104 I,
1122 4041 1180 4096 137.
