2738 4634
669 231 820 336 ,32-

187 457 269 520 quae
290 456 388 501 causa
407 436 520 513 fuerit,
547 457 603 500 cur
630 434 709 500 illud
736 440 882 500 mutaret.
928 434 1050 498 Suntne
1075 433 1108 497 hi
1130 453 1239 498 versus
1262 431 1331 497 sic'

186 539 366 622 compositi,
388 543 424 602 ut
445 539 622 604 mutatione
643 543 784 620 egerent,
813 559 855 602 an
876 537 947 602 illos
969 558 1023 601 eos
1045 534 1224 619 putaveris,
1253 533 1308 616 qui

186 641 313 706 meliore
327 641 395 706 iure
409 641 442 705 in
454 641 596 725 priorum
610 641 714 705 locum
729 639 940 704 succederent.
972 638 1033 705 Vix
1047 637 1130 702 hanc
1145 635 1307 720 quaestio-

186 767 257 808 nem
278 745 382 828 possis
406 743 592 818 diiudicare,
621 763 680 805 nec
701 741 801 805 ullum
823 742 951 806 omnino
973 741 1114 807 invenias
1136 759 1307 822 argumen-

186 851 253 910 tum
270 846 414 913 omnibus
432 844 605 928 probabile,
629 865 692 927 quo
711 844 851 908 evincere
868 844 980 928 possis,
1003 839 1186 926 Euripidem
1203 840 1310 922 ipsum

187 948 331 1013 mutandi
355 948 413 1012 sibi
436 968 565 1011 causam
586 967 665 1021 esse,
687 946 864 1011 credidisse.
909 945 991 1023 Quid
1011 946 1109 1028 igitur
1131 947 1234 1008 restat
1247 941 1310 1006 nisi

185 1055 222 1112 ut
243 1050 283 1115 ab
305 1049 532 1132 interpolatore
554 1048 695 1132 quodam
722 1048 800 1113 haec
827 1048 883 1112 illa
905 1047 1143 1130 circumscripta
1166 1050 1198 1109 et
1219 1063 1308 1108 mar·

185 1151 249 1233 gini
271 1150 432 1235 adscripta
457 1151 570 1227 luisse,
601 1150 713 1225 deinde
742 1156 848 1215 autem
877 1172 954 1215 casu
986 1151 1019 1214 in
1040 1149 1144 1233 ipsam
1165 1146 1311 1216 tabulam

77 1293 86 1309 ·
184 1259 312 1337 recepta
333 1274 401 1318 esse
423 1258 601 1318 statuamus
614 1257 648 1333 ¹).
667 1291 709 1300 —-
731 1253 860 1319 Talibus
882 1251 1178 1338 interpolationibus
1202 1248 1312 1314 omnia

185 1354 250 1420 fere
271 1361 412 1420 veterum
441 1357 559 1441 scripta
587 1357 635 1421 nel
664 1356 765 1440 magis
793 1356 841 1422 vel
861 1357 967 1420 minus
992 1375 1059 1420 esse
1081 1352 1311 1428 contaminata,

185 1458 268 1522 inter
290 1478 398 1522 omnes
421 1464 564 1535 constat,
593 1479 650 1524 neo
680 1460 740 1524 nisi
770 1458 834 1524 alia
863 1457 1016 1524 accedant
1037 1457 1187 1541 graviora
1209 1475 1309 1537 argu-

185 1565 292 1624 menta
320 1560 358 1623 iis
389 1561 436 1623 uti
465 1560 538 1624 licet
560 1560 601 1625 ad
622 1561 753 1626 iteratas
777 1561 928 1626 editiones
952 1558 1226 1624 demonstrandas.
1272 1555 1311 1620 In

185 1661 465 1746 interpolationum
488 1666 594 1726 autem
616 1684 765 1743 numero,
789 1664 926 1747 quaein
947 1662 1058 1727 Medea
1079 1666 1156 1726 sunt
1176 1658 1310 1725 investi-

184 1771 279 1848 gatae
308 1764 395 1830 haud
422 1784 543 1849 paucae
571 1769 698 1829 exstant
726 1766 793 1830 eius
816 1765 954 1849 generis,
985 1762 1072 1847 quod
1100 1764 1135 1828 in
1164 1762 1311 1828 versibus

185 1867 232 1931 vel
268 1867 429 1932 sententiis
456 1867 597 1953 repetitis
627 1867 773 1932 cernitur.
818 1865 883 1931 Nec
913 1871 1019 1931 tamen
1040 1866 1067 1930 is
1096 1865 1201 1930 iustus
1234 1886 1311 1930 eva-

186 1969 261 2034 serit
275 1968 377 2040 iudcx‚
403 1971 458 2053 qui
480 1993 519 2036 ex
533 1970 694 2035 contraria
708 1974 800 2053 parte
824 1969 939 2045 omnia,
962 1990 1044 2053 quae
1066 1974 1141 2033 sunt
1163 1967 1313 2052 repetita,

183 2093 242 2156 pro
266 2071 381 2155 spuriis
411 2078 442 2135 et
468 2071 667 2156 interpolatis
696 2070 878 2136 vendiderit.
923 2070 1088 2149 Quomodo
1114 2069 1196 2135 tales
1218 2091 1313 2154 repe-

184 2175 313 2238 titiones
340 2175 403 2238 sint
425 2180 537 2251 natae,
567 2180 598 2238 et
627 2195 666 2238 ex
688 2179 828 2239 veterum
854 2174 998 2258 ipsorum
1028 2171 1218 2238 testimoniis
1249 2171 1313 2236 sci-

184 2297 254 2341 mus
262 2277 303 2355 ²),
325 2282 356 2340 et
378 2298 416 2341 ex
438 2276 560 2340 indiciis
573 2275 669 2340 baud
690 2297 763 2340 raro
787 2277 963 2342 manifestis
987 2281 1094 2360 potest
1115 2275 1226 2343 conici.
1272 2275 1314 2341 In
1341 2322 1345 2329 -

185 2398 321 2461 quarum
342 2399 473 2443 numero
497 2378 635 2443 habendi
658 2385 733 2443 sunt
754 2400 882 2444 versus:

475 2480 555 2563 [40.
574 2480 631 2562 41]
654 2511 695 2532 =
718 2481 864 2546 379.80
885 2479 997 2545 Nauck

535 2583 629 2664 [lua]
652 2615 693 2636 =
718 2583 802 2649 1324

566 2684 628 2750 784
649 2716 691 2737 =
710 2686 772 2750 949

505 2786 889 2870 923.4=[1oou.7]

447 2888 851 2971 [1062.-3]=1240.1

185 3013 265 3074 quas
297 2990 338 3055 ad
367 2989 522 3075 duplicem
551 2993 764 3057 recensionem
799 3015 864 3058 non
899 2992 1018 3058 maiore
1044 2994 1111 3057 iure
1140 2993 1315 3072 rettuleris,

185 3114 282 3177 quam
304 3114 383 3169 earn,
406 3092 444 3158 do
467 3094 648 3176 quamodo
671 3094 910 3178 disputavimus.
954 3094 1070 3178 Itaque
1093 3098 1144 3159 sat
1162 3095 1223 3160 erit
1238 3096 1314 3180 qui-

253 3350 278 3415 1)
296 3347 374 3401 conr.
400 3347 430 3399 n.
456 3347 553 3410 runi,
578 3334 682 3401 renuet
708 3347 762 3401 nu.
790 3346 1099 3416 ztg.1874nr0.342;
1126 3346 1243 3413 nauci,
1262 3353 1313 3419 qur

184 3450 272 3488 veros.
291 3431 423 3486 7211724.
442 3431 493 3487 730
509 3436 541 3484 ut
559 3433 684 3500 spurios,
708 3433 787 3488 uncis
806 3434 910 3501 saepit,
932 3433 1056 3500 reliquos
1081 3434 1122 3488 sic
1147 3436 1309 3490 constituit:

185 3518 242 3572 725.
254 3518 311 3571 726.
324 3516 458 3570 727=728
477 3522 530 3570 vet.
542 3518 608 3581 ord,
618 3517 761 3581 728=72a
783 3517 928 3588 [729=730
944 3522 996 3571 vet.
1011 3519 1088 3586 ordl,
1106 3517 1243 3574 730=727
1255 3528 1314 3576 vet.

185 3604 244 3657 ord.
270 3633 303 3642 -
331 3605 359 3670 2)
382 3603 423 3657 cf.
449 3603 600 3670 Didymum
623 3604 652 3655 in
675 3605 759 3656 schol.
785 3605 821 3656 ad
845 3622 885 3659 vs.
910 3603 973 3658 356:
1004 3601 1036 3654 οδ
1058 3604 1114 3675 γάρ
1133 3622 1158 3656 τι
1191 3603 1315 3675 δράσεις.

187 3689 307 3758 Δίδυμος
323 3687 393 3757 μετὰ
411 3689 489 3740 τοῦτο
515 3688 593 3760 φέρει
619 3688 648 3740 τὸ
674 3689 747 3759 σιγῇ
765 3690 863 3759 δόμους
881 3687 990 3756 εἰςβᾶσ),
1009 3684 1043 3740 ἵν’
1062 3686 1194 3762 ἓστρωται
1210 3689 1311 3761 λέχος’,

185 3774 231 3827 καὶ
247 3775 387 3845 μέμφεται
404 3777 460 3830 τοῖς
479 3771 644 3843 ὑποκριταῖς,
664 3772 698 3831 ὥς
716 3773 835 3846 άκαίρως
858 3773 924 3828 αὐτὸ
942 3776 1100 3834 τάσσουσιν,
1121 3779 1149 3827 et
1167 3776 1256 3829 schol.
1275 3778 1315 3830 ad

185 3877 227 3913 vs.
246 3860 309 3914 379:
329 3857 344 3924 ἢ
361 3858 471 3924 θηκτόν
491 3851 544 3911 ὦδε
563 3858 650 3916 καλῶς
672 3862 766 3913 κεῖται.
803 3859 927 3928 Δίδυμος
945 3861 1101 3931 σημειοῦται
1121 3859 1162 3911 ὅτι
1179 3862 1267 3919 κακῶς
1288 3860 1317 3916 οἱ

186 3942 327 4016 ὑποκριταὶ
350 3944 499 3995 τάσσουσιν
526 3941 570 3996 ἐπὶ
596 3945 650 3994 τῶν
674 3943 721 3996 δύο
748 3944 779 3995 τὸ
806 3942 877 4014 σιγῇ
902 3943 1003 4014 δόμους
1030 3941 1152 4012 εἷςβοῖσο)
1177 3945 1271 3997 καύσω
1299 3948 1316 4014 ἢ

186 4029 282 4100 σφάξω
302 4028 415 4092 αὐτούς,
436 4059 467 4068 -
489 4029 561 4082 unde
580 4029 720 4082 actoribus
739 4028 849 4082 illarum
867 4028 1003 4097 originem
1020 4028 1120 4083 deberi
1138 4036 1265 4099 apparet.
