2738 4634
599 227 640 294 15

54 433 156 498 modo
191 455 229 499 ex
268 434 452 517 fragmentis
482 433 681 518 Neophronis
718 433 808 497 alteri
840 432 1027 517 Euripideae
1057 431 1185 497 Medeae

56 536 191 602 editioni
212 536 314 603 lucem
334 557 500 603 evasuram
522 557 591 602 esse
613 535 817 601 statuendum
839 541 895 601 est.

602 739 642 807 ll.

142 893 278 960 Prorsus
302 895 399 960 aliam
420 896 556 960 iteratae
589 895 735 959 editionis
765 895 917 976 originem
942 893 1181 958 demonstrandi

53 996 141 1063 viam
175 998 335 1080 ingressus
366 1003 415 1062 est
444 996 620 1062 Boeckhius
629 1001 670 1078 1),
703 998 758 1080 qui
795 997 875 1061 miro
912 997 1006 1060 modo
1040 995 1183 1060 Medeam

55 1101 176 1164 iterum
210 1119 278 1164 esse
312 1099 429 1164 editam
461 1099 582 1165 firmari
616 1100 753 1184 putabat
787 1099 1027 1164 narratiuncula
1060 1098 1132 1174 illa,
1166 1119 1186 1162 a

57 1202 233 1267 scholiasta
243 1203 272 1278 ²)
300 1206 333 1266 et
354 1201 394 1266 ab
417 1201 549 1267 Aeliano
559 1204 585 1279 ³)
613 1203 749 1267 tradita:
779 1201 937 1285 accepisse
957 1200 1141 1284 Euripidem
1165 1223 1185 1266 a

58 1302 233 1368 Corinthiis
264 1303 404 1388 quinque
430 1305 566 1386 talenta,
595 1310 632 1369 ut
659 1304 803 1369 Medeam
830 1304 934 1387 ipsam
963 1304 1081 1367 taceret
1110 1324 1184 1367 suos

57 1405 177 1471 liberos
199 1405 455 1484 interficientem,
477 1427 558 1490 quos
581 1405 752 1472 secundum
782 1406 862 1470 alios
885 1405 1039 1471 Corinthii
1060 1406 1185 1488 iugula-

57 1509 187 1573 vissent.
219 1508 322 1595 Atque
341 1508 541 1574 acerbissime
562 1509 706 1592 increpat
722 1507 919 1586 Barnesium,
939 1505 1036 1572 ‘hunc
1059 1507 1186 1590 quidem

60 1611 208 1676 criticum
237 1611 377 1676 omnium
406 1611 654 1695 ineptissimum,
691 1609 777 1694 quod
814 1611 874 1674 hac
903 1631 1029 1694 quoque
1060 1609 1186 1674 macula

62 1733 122 1778 suo
144 1733 233 1778 more
253 1719 447 1796 purgaturus
469 1713 564 1778 fuerit
586 1713 713 1778 delicias
737 1735 810 1778 suas
820 1710 836 1791 ,³
868 1735 926 1778 nec
954 1713 1048 1778 fidem
1069 1713 1187 1777 habeat

63 1813 203 1879 traditis.
247 1813 458 1892 Boeokhium,
480 1815 541 1880 hac
562 1815 596 1879 in
617 1837 652 1879 re
676 1816 770 1880 nimis
793 1822 877 1881 certe
899 1816 1075 1892 credulum,
1096 1813 1184 1878 Her-

60 1936 199 1981 mannus
221 1917 335 1981 refellit
343 1919 387 1996 ⁴),
418 1919 471 2002 qui
500 1915 615 1982 ‘minus
648 1919 713 1982 reri
735 1919 834 1982 simile
856 1938 924 1983 esse
944 1924 1038 2002 putat
1059 1917 1185 2000 Euripi-

61 2019 151 2096 dem,
173 2040 245 2084 cum
266 2026 341 2084 ante
363 2042 383 2085 a
404 2020 575 2086 Corinthiis
606 2022 725 2086 occisos
751 2021 876 2085 fecisset
905 2020 1033 2085 Medeae
1061 2040 1186 2104 pueros

61 2120 96 2184 id
118 2127 252 2204 argento
274 2129 459 2206 corruptum
481 2124 660 2199 mutavisse,
683 2144 779 2206 quam
797 2144 926 2187 munere
943 2124 998 2187 illo
1014 2122 1186 2186 adductum

54 2245 142 2313 hesse,
163 2229 201 2288 ut
222 2223 309 2307 quod
331 2224 385 2289 alii
407 2225 469 2290 isto
491 2226 585 2291 modo
608 2227 830 2301 tradidissent,
860 2226 928 2309 ipse
950 2225 1041 2290 aliter
1061 2225 1094 2287 in
1117 2244 1184 2288 sce-

59 2347 137 2392 nam
167 2326 355 2410 produceret
364 2326 399 2404 ⁵).
459 2327 540 2405 Quin
576 2329 672 2393 etiam
708 2327 888 2394 Corinthios
927 2327 1074 2393 credibile
1109 2347 1187 2403 esse,

62 2431 89 2494 si
122 2429 164 2493 ab
205 2429 281 2523 ipsis
316 2429 436 2494 occisos
469 2430 597 2496 Medeae
632 2431 714 2496 filios
749 2431 978 2495 introduxisset
1009 2428 1187 2512 Euripides,

61 2531 162 2596 alium
183 2531 356 2614 tragicum,
385 2538 422 2596 ut
443 2553 481 2597 ea
504 2554 536 2597 se
558 2533 652 2617 culpa
674 2533 840 2610 liberaret,
861 2533 1066 2617 permovisse,
1089 2552 1186 2614 quam

61 2633 104 2699 ab
134 2633 225 2698 initio
254 2655 324 2698 eum
350 2634 396 2698 ita
426 2640 463 2698 ut
491 2635 554 2699 iam
583 2637 745 2700 contraria
775 2635 937 2711 scriberet,
966 2632 1099 2698 adiisse’.
1143 2632 1186 2696 Et

61 2734 149 2799 banc
170 2736 403 2814 narrationem,
425 2737 543 2802 utalia
565 2737 734 2808 eiusmodi,
759 2759 797 2802 ex
819 2738 929 2802 comici
952 2737 1115 2801 cuiusdam
1136 2737 1186 2800 in-

59 2838 156 2920 genio
178 2843 289 2903 natam
308 2859 385 2916 esse,
408 2840 473 2904 veri
496 2840 596 2904 simile
618 2842 711 2916 estfl).
755 2837 820 2904 Nec
841 2839 937 2922 igitur
958 2841 992 2904 id
1012 2839 1085 2903 inde
1107 2860 1184 2902 con-

60 2939 191 3004 cludere
211 2939 300 3022 licet,
332 2941 417 3025 quod
445 2942 509 3005 iam
530 2941 761 3026 Boettigerus⁷)
784 2948 816 3006 et
837 2942 1065 3018 Matthiaeus⁸)
1089 2948 1184 3025 puta-

61 3047 187 3119 verant,
208 3041 391 3126 Euripidem
412 3044 549 3126 primum
577 3044 689 3118 fuisse,
719 3045 774 3128 qui
802 3044 945 3109 Medeam
974 3065 1048 3109 suos
1072 3044 1188 3109 liberos

62 3144 280 3210 trucidantem
313 3145 345 3209 in
379 3166 505 3210 scenam
533 3146 678 3211 misisset.
729 3146 765 3210 ld
795 3168 866 3211 cum
894 3147 950 3223 iis,
979 3168 1061 3229 quae
1092 3168 1189 3230 snpra

62 3254 143 3312 sunt
164 3248 340 3326 enucleata,
361 3247 449 3312 nullo
472 3249 566 3313 modo
589 3250 742 3314 convenit.
765 3288 806 3298 -
828 3251 896 3314 lam
914 3269 986 3314 vero
1002 3248 1188 3326 BoeokhiuS,

59 3353 251 3435 postquam,
279 3350 363 3415 unde
392 3349 507 3434 duplex
536 3352 674 3416 recensio
706 3352 857 3435 originem
888 3351 1027 3428 duxerit,
1057 3351 1187 3415 demon-

62 3457 202 3516 strasse>
221 3451 281 3518 sibi
311 3453 396 3518 visus
432 3458 496 3529 est,
530 3454 662 3536 vestigia
694 3454 760 3518 eius
794 3455 842 3518 his
880 3453 1058 3517 rationibus
1086 3455 1187 3518 mani-

62 3553 185 3618 festare
207 3552 338 3620 studuit.
383 3555 428 3619 Ac
451 3555 588 3639 primum
610 3554 737 3637 quidem
759 3577 854 3621 verss.
878 3555 959 3619 Med.
978 3554 1059 3618 1381
1076 3577 1144 3638 sqq.

62 3690 269 3702 ...---.-.-,

136 3775 164 3840 1)
187 3775 206 3829 1.
231 3791 253 3831 c.
277 3789 341 3842 pag.
366 3773 424 3828 166.
448 3805 481 3814 -
508 3775 536 3837 2)
562 3775 590 3826 in
614 3775 688 3829 Med.
714 3791 754 3828 vs.
774 3774 815 3829 10.
834 3806 867 3814 —
893 3775 920 3842 3)
939 3776 971 3828 V.
991 3775 1025 3830 H.
1045 3776 1078 3838 V,
1096 3775 1137 3828 21.
1156 3803 1189 3811 -

62 3861 95 3929 4)
116 3862 135 3915 l.
155 3858 389 3929 11113101-
415 3860 442 3927 5)
467 3861 500 3914 of.
530 3861 555 3912 h.
575 3861 593 3913 l.
612 3877 675 3929 pag.
694 3862 735 3913 11.
754 3892 785 3900 -
812 3861 841 3926 6)
860 3860 937 3914 (loni.
956 3860 1106 3921 Wecklein,
1125 3860 1189 3911 Ein-

61 3947 179 4013 leitung
197 3961 260 4013 pag.
279 3945 320 4000 29.
344 3977 378 3984 -
403 3947 429 4012 7)
455 3945 599 3999 Matthiaei
622 3944 739 3999 Miscell.
759 3945 772 3996 I
790 3961 853 4013 pag.
871 3945 929 3999 117.
948 3974 981 3982 —
1007 3944 1036 4013 8)
1055 3961 1119 4013 pag.
1137 3943 1188 3997 427

60 4033 125 4070 odit.
