2738 4634
660 239 811 344 *λδ-

174 465 239 510 nou
261 444 381 510 variam
402 443 435 509 id
457 464 525 509 esse
547 443 710 509 lectionem
733 443 880 508 Osannus
909 447 1024 507 monet.
1069 442 1243 526 Quod‘per
1265 462 1301 508 se

174 552 272 630 patet,
294 567 365 611 cum
387 543 577 631 θεσπιῳδὸν
601 544 718 623 ἱκάνεις
739 546 865 612 iambici
888 545 1006 610 senarii
1028 566 1092 608 non
1117 565 1186 609 esse
1209 544 1300 609 olau-

175 647 277 712 sulam
298 649 399 732 primo
419 653 571 733 appareat
594 648 715 713 obtutu.
759 647 938 725 Praeterea,
961 647 1049 730 quod
1069 652 1177 712 tamen
1196 646 1300 712 levius

175 748 333 825 duxerim,
356 751 443 815 verbi
474 745 592 816 ἱκάνειν
620 751 652 814 in
674 749 834 834 Euripidis
862 748 977 814 fabulis
1002 747 1227 833 superstitibus
1250 748 1301 814 al·

106 852 109 859 ’
174 857 276 917 terum
312 875 375 917 non
406 858 510 918 exstat
539 852 714 936 exemplum
726 877 735 930 3
772 851 858 936 apud
889 850 1076 937 Sophoclem
1104 850 1301 935 paucissima

174 953 240 1019 cius
270 956 469 1038 reperiuntur
495 954 644 1038 exempla.
688 953 824 1018 Restant
851 954 948 1038 igitur
976 953 1117 1037 quinque
1147 951 1212 1017 loci
1234 953 1301 1019 iam

174 1055 310 1122 breviter
331 1057 507 1122 tractandi:

175 1158 201 1220 l.
225 1157 262 1223 N.
287 1158 358 1223 530.
384 1159 411 1222 1.
617 1154 661 1237 ὡς
676 1155 775 1245 Ἔρως
798 1154 827 1222 σ’
850 1155 1008 1245 ἠνάγκασε

477 1261 584 1341 τόξοις
607 1260 763 1349 ἀφύκτοις
783 1256 903 1343 τοῦμδν
925 1257 1064 1325 ἒκσιῦσοιι
1084 1261 1190 1344 δέμας.

258 1362 343 1440 Quos
371 1385 478 1429 versus
506 1384 569 1428 non
597 1364 658 1429 nisi
682 1383 746 1428 una
773 1383 845 1427 cum
875 1361 1132 1429 antecedentibus
1154 1369 1301 1432 tractare

134 1529 136 1533 ,
174 1465 255 1529 licet.
300 1463 396 1530 lason
420 1467 549 1531 summis
571 1466 718 1531 conviciis
742 1486 762 1530 a
783 1463 893 1528 Medea
915 1461 1059 1544 affectus,
1081 1465 1167 1549 quod
1181 1466 1299 1551 ipsam,

172 1587 255 1650 quae
277 1589 398 1652 semper
424 1575 521 1652 atque
551 1569 584 1632 in
614 1568 744 1632 summis
773 1565 920 1650 periculis
943 1565 988 1629 illi
1009 1565 1123 1632 fuisset
1145 1567 1300 1648 adiutrix,

174 1668 362 1734 deseruisset
389 1676 487 1754 atque
515 1670 611 1735 aliam
636 1670 798 1734 mulierem
828 1670 862 1733 in
883 1667 1121 1733 matrimonium
1143 1669 1298 1749 duxisset,

175 1778 287 1836 contra
309 1773 527 1838 accusationes
548 1772 619 1837 illas
642 1792 676 1837 se
698 1770 861 1835 defendere
879 1775 1022 1837 conatur.
1053 1768 1124 1836 Non
1139 1770 1297 1851 Medeam,

172 1873 226 1937 sed
248 1872 411 1952 Venerem,
433 1896 530 1939 unam
551 1880 583 1940 et
605 1873 734 1938 deorum
752 1878 784 1936 et
805 1872 971 1937 hominum
990 1872 1022 1936 in
1040 1873 1186 1958 periculis
1210 1879 1297 1959 tute·

170 1975 244 2053 lam,
264 1976 370 2060 ipsum
392 1977 556 2043 adiuvisse.
601 1976 720 2041 Deinde
742 1975 820 2039 haec
841 1975 1010 2057 leguntur:

324 2081 378 2144 σοὶ
398 2076 426 2145 δ’
449 2077 517 2145 ’ἐστι
534 2079 591 2162 μὲν
613 2083 686 2155 νοῦς
699 2073 818 2155 λεπτὸς
841 2073 907 2141 ἀλλ’
928 2074 1115 2163 ἐπίφθονος

323 2180 417 2266 λόγος
439 2181 592 2262 διελθεῖν,
616 2177 660 2258 ιδς
675 2177 775 2266 Ἔρως
797 2176 825 2244 o'
849 2176 1007 2266 ἠνάγκασε

323 2280 430 2361 τόξοις
453 2282 610 2370 ἀφύκτοις
631 2278 751 2364 τούμόν
773 2280 911 2348 ἐκσῶσαι
933 2281 1041 2365 δέμας.

255 2382 293 2448 In
322 2385 436 2469 quibus
460 2384 707 2469 interpretandis
737 2384 870 2449 multum
901 2384 959 2448 viri
989 2383 1075 2449 docti
1105 2385 1295 2452 elaborave-

170 2488 287 2563 runt1).
330 2486 519 2552 Barnesius:
547 2493 581 2551 at
609 2487 765 2553 invidiosa
786 2487 845 2551 erit
866 2486 943 2551 mihi
964 2488 1068 2552 oratio
1099 2507 1296 2572 percurrere,

172 2589 331 2672 quomodo
357 2609 447 2653 amor
467 2595 499 2654 te
521 2591 672 2673 coegerim
693 2589 910 2671 Musgravius:
938 2589 1048 2654 Malim
1069 2592 1121 2666 σέ,
1142 2595 1180 2653 ut
1200 2611 1298 2675 rega-

171 2695 225 2754 tur
247 2691 287 2757 ab
309 2687 477 2778 ἠνάγκασε.
522 2691 626 2756 Idem:
648 2712 749 2774 aeque
771 2690 972 2755 commodum
989 2691 1072 2756 foret
1093 2689 1213 2777 λόγοις,
1235 2693 1300 2759 hoc

170 2792 235 2857 fere
257 2813 367 2857 sensu:
396 2800 428 2858 et
455 2799 504 2859 est
525 2793 651 2878 quidem
674 2792 788 2857 subtile
809 2794 1012 2859 ratiocinium
1035 2794 1090 2860 sed
1111 2794 1215 2861 verbis
1240 2817 1298 2861 ex·

171 2892 284 2978 plicari
304 2895 505 2960 invidiosum.
549 2893 654 2961 Obicit
674 2894 851 2976 Elmsleim,
875 2895 970 2978 quod,
992 2897 1018 2960 si
1036 2895 1132 2980 λόγος
1150 2898 1301 2983 scripsis-

172 3001 220 3060 set
247 2998 357 3080 poets„
388 2997 486 3063 verba
514 2997 575 3062 hoc
603 2997 708 3082 potius
736 2996 845 3061 ordine
872 2997 1073 3063 collocassetz
1101 3004 1137 3065 σέ
1167 2999 1195 3066 δ
1227 2998 1301 3067 ἐστι

171 3105 245 3176 νοῦς
271 3096 389 3177 λεπτὸς
417 3102 493 3182 μέν,
527 3095 595 3165 ἀλλ’
625 3096 810 3185 ἐπίφθονος
836 3098 931 3184 λόγος
958 3099 1111 3174 διελθεῖν,
1141 3096 1186 3180 ιδς
1214 3100 1301 3188 ἐ’ρισς

172 3195 338 3288 ἠνάγκασε.
383 3201 475 3279 Quod
500 3200 703 3284 interpretari
733 3222 783 3265 me
810 3202 940 3284 nequire
961 3201 1072 3267 fateor.
1116 3202 1301 3270 Brunckius

172 3303 344 3368 secundum
358 3303 563 3368 scholiasten:
586 3305 640 3368 καὶ
656 3300 694 3367 ob
710 3307 776 3384 μέν,
799 3308 890 3391 φησί,
914 3310 1059 3390 συνορᾷς,
1083 3301 1140 3370 δι’τε
1157 3302 1196 3392 δὴ
1215 3307 1300 3372 λειε-

170 3402 228 3472 τόν
254 3408 310 3472 καὶ
338 3402 411 3485 όξῦν
440 3403 555 3486 ἔχουσα
575 3403 632 3470 τόν
660 3411 752 3476 νοῦν,
782 3399 834 3469 ότι
862 3401 881 3492 ἡ
912 3400 1082 3492 Ἀφροδίτη
1104 3430 1145 3487 με
1167 3405 1299 3474 ἔσωσεν.

172 3502 241 3573 ἀλλ’
263 3503 328 3572 διεδ
352 3505 482 3595 φθόνον
504 3503 522 3572 δ
544 3506 638 3591 λόγος
660 3528 713 3571 σοι
736 3501 952 3592 δινοφέρεται,
980 3501 1017 3585 ός
1046 3505 1132 3572 ἐστιν
1157 3504 1298 3598 ἀληθής,

171 3605 208 3674 τό
233 3604 298 3675 ’σόν
321 3608 424 3693 ἐ’ριονα
447 3612 565 3675 σέσωκέ
586 3634 634 3690 με.
680 3608 851 3674 Barnesius
883 3606 920 3674 τὸ
956 3609 991 3674 σὲ
1021 3606 1077 3675 διὰ
1104 3606 1161 3675 τόν
1192 3608 1300 3696 ἔρωτα

174 3715 348 3777 σεσωκέναι
368 3736 418 3794 με,
440 3732 499 3795 pro
522 3710 637 3794 quibus
651 3709 818 3776 Elmsleius
836 3711 956 3775 mavult
969 3708 1026 3777 τὸν
1041 3706 1100 3777 σόν
1117 3710 1221 3799 ἔρωτα
1244 3735 1300 3780 σε-

173 3817 311 3877 σωκέναι
336 3838 395 3895 με,
425 3813 566 3896 probans
600 3812 653 3877 ille
674 3812 801 3896 quidem
822 3811 973 3879 Brunckii
994 3813 1298 3901 interpretationem.

241 4031 268 4097 l)
288 4032 330 4088 Cf.
349 4031 512 4087 Elmsleium
530 4031 573 4086 ad.
593 4047 633 4085 vs.
652 4031 710 4086 516.
