2738 4634
731 259 773 324 22

343 470 429 546 μισῶ
451 461 618 552 σοφιστήν,
642 458 732 542 ὅστις
753 458 809 546 οὐχ
832 458 918 549 αὐτῷ
941 460 1052 548 σοφός.

193 566 285 645 Quod
306 565 518 649 fragmentum
544 566 681 650 primum
702 565 737 630 P.
761 565 939 631 Manutium
968 565 1181 644 commone),
1217 573 1254 633 ut
1275 568 1313 634 de

193 668 310 754 duplici
331 666 442 733 Medea
463 668 558 732 Ennii
585 674 681 752 atque
702 667 861 751 Euripidis
892 666 1053 750 cogitaret.
1099 666 1185 732 Nihil
1207 675 1314 736 tamen

193 793 232 836 ex
259 791 296 835 eo
326 792 420 854 posse
453 770 613 848 concludi,
642 770 764 855 primus
792 768 962 834 Planckius
991 771 1189 836 monstravit.
1233 770 1313 837 Eor-

192 878 279 938 tasse
304 872 451 939 exstabat
476 894 585 938 versus
608 872 660 938 ille
688 874 721 937 in
743 872 927 955 tetralogia‚
949 871 1038 936 cuius
1067 871 1179 938 Medea
1204 873 1316 941 fabula

191 997 266 1061 pars
289 981 367 1052 erat,
390 981 421 1040 et
442 996 498 1060 per
519 995 657 1040 errorem
679 976 752 1040 huic
766 975 892 1040 fabulae
914 974 1125 1040 tribuebatur.
1170 975 1314 1059 Duplicis

191 1077 383 1144 recensionis
409 1082 594 1160 argumento
617 1099 654 1143 ec
677 1078 724 1142 uti
751 1077 804 1142 vix
825 1077 956 1142 licuerit.
983 1115 1015 1122 m
1046 1076 1095 1141 Ex
1124 1077 1312 1161 fragmentis

191 1202 301 1246 eorum
317 1183 493 1265 poetarum,
516 1181 571 1263 qui
587 1184 661 1265 post
674 1178 858 1264 Euripidem
872 1177 998 1245 Medeae
1016 1186 1264 1265 composuerunt
1276 1181 1316 1263 ²),

192 1283 271 1347 nihil
292 1283 326 1347 in
348 1283 429 1347 hanc
452 1282 697 1367 disputationem
718 1281 908 1368 proficimus.

277 1383 494 1449 Infirmissimc
516 1390 622 1451 autem
643 1385 672 1449 ei
698 1388 832 1450 utuntur
853 1383 1079 1464 fundamento,
1110 1385 1165 1470 qui
1187 1407 1227 1452 ex
1248 1393 1318 1451 tra-

193 1486 307 1571 goedia
332 1486 387 1551 illa
414 1485 566 1570 Gregorio
595 1485 794 1552 Nazianzeno
824 1522 865 1532 -
896 1508 951 1552 seu
972 1488 1042 1553 iure
1064 1509 1119 1553 seu
1140 1487 1258 1553 iniuria
1276 1525 1319 1536 -

194 1589 333 1666 tributa,
361 1610 442 1672 quae
464 1589 590 1673 quidem
612 1586 755 1676 Χριστὸς
776 1587 913 1671 Πάσχων
934 1589 1135 1672 inscribitur,
1163 1589 1198 1654 in
1224 1613 1320 1655 usum

194 1697 339 1756 nostrum
362 1691 483 1774 aliquid
504 1690 649 1757 concludi
670 1711 764 1775 posse
786 1696 940 1758 censeant.
976 1691 1119 1778 Scriptor
1141 1693 1225 1758 enim
1248 1700 1319 1759 tra-

195 1793 324 1877 goediae
353 1793 452 1871 illius,
481 1816 563 1877 quae
588 1815 706 1877 magna
734 1814 772 1858 ex
803 1800 894 1879 parte
920 1815 959 1858 ex
990 1796 1102 1861 veteris
1133 1796 1321 1879 tragoediae

195 1896 337 1961 versibus
360 1896 537 1980 composita
565 1902 629 1974 est,
654 1896 825 1961 interiectis
856 1896 955 1980 ipsius
984 1901 1099 1981 poetae
1128 1898 1271 1964 versibus
1284 1900 1321 1977 ³),

194 1997 257 2063 illis
280 1998 324 2062 sic
344 2019 422 2063 usus
445 2002 507 2075 est,
537 2003 574 2062 ut
596 2004 652 2063 aut
674 2003 830 2081 quantum
851 1998 912 2082 ipsi
933 1999 1060 2077 liberet,
1089 2022 1142 2066 eos
1169 2005 1323 2078 mutaret,

196 2104 252 2165 aut
273 2101 456 2165 immutatos
478 2099 638 2184 reciperet.
683 2099 775 2178 Quod
797 2100 906 2165 statim
927 2101 1101 2185 intelliges,
1132 2103 1186 2168 ubi
1209 2124 1322 2168 versus

196 2201 381 2287 Euripideos
411 2202 444 2266 in
472 2202 668 2286 tragoediam
697 2202 785 2268 illam
806 2202 979 2267 translatos
1002 2205 1248 2282 examinaveris3
1283 2205 1323 2269 de

197 2325 260 2388 quo
290 2325 362 2369 cum
391 2304 525 2370 Elliseni
554 2304 669 2370 librum
702 2304 895 2389 inspiciam),
930 2311 998 2370 tum
1026 2306 1189 2390 Doeringii
1232 2328 1322 2372 com-

196 2406 472 2491 mentationem⁶),
509 2407 564 2491 qui
594 2407 768 2473 luculenter
797 2406 1039 2485 demonstravit,
1075 2409 1109 2473 in
1145 2408 1217 2474 Ohr.
1249 2408 1321 2474 Pat.

197 2509 362 2595 seripturis
388 2511 429 2575 ab
455 2509 697 2595 Euripidecrnm
728 2508 871 2574 codicum
904 2510 1157 2594 discrepantibus
1192 2511 1322 2595 saepius

196 2611 357 2696 Euripidis
379 2611 470 2676 unice
492 2612 643 2695 genuinas
667 2611 840 2696 scripturas
862 2633 930 2677 esse
952 2615 1139 2690 servatam),
1162 2635 1236 2678 cum
1258 2636 1318 2678 au-

198 2714 351 2798 tiquiores
373 2712 534 2799 Euripidis
555 2713 654 2779 libros
675 2712 791 2779 Christi
813 2713 968 2780 Patientis
998 2702 1134 2800 scriptor
1155 2716 1189 2780 in
1215 2717 1323 2782 mani-

198 2816 258 2881 bus
281 2815 435 2882 habuerit.
482 2814 543 2881 Sed
572 2814 644 2880 inde
672 2837 738 2880 non
762 2817 919 2900 sequitur,
948 2817 982 2880 in
1004 2817 1218 2902 discrepantia
1238 2818 1325 2884 inter

199 2917 270 2983 Chr.
292 2917 447 2983 Patientis
479 2924 511 2984 et
544 2916 686 2983 codicum
711 2916 954 3002 Euripidecrnm
982 2919 1156 3003 scripturas
1186 2919 1325 3004 duplicis

198 3021 389 3086 recensionis
412 3021 497 3086 cerni
518 3020 642 3086 indicia.
686 3018 738 3084 Nil
759 3018 832 3084 inde
854 3022 1011 3099 cernitur,
1037 3021 1097 3086 nisi
1124 3042 1162 3085 ex
1185 3021 1326 3088 deterio-

198 3123 243 3187 ris
270 3129 364 3189 notae
390 3123 478 3189 fonte
506 3128 631 3189 nostros
658 3122 757 3188 libros
786 3121 973 3208 Euripideos
1002 3122 1129 3189 duxisse
1158 3125 1325 3208 originem.

157 3212 161 3222 ⁴
198 3225 312 3309 Itaque
327 3224 365 3290 de
380 3225 428 3290 his
444 3227 530 3293 satis.
549 3224 687 3303 -Quid
703 3224 742 3289 de
755 3225 883 3309 reliquis
898 3226 991 3290 huius
1010 3227 1133 3309 generis
1149 3248 1326 3310 argumen-

199 3327 241 3392 tis
264 3328 307 3392 sit
328 3329 526 3408 censendum,
548 3327 794 3394 luculentissime
809 3327 1102 3413 explicaruntcum
1116 3327 1326 3410 Elmsleius⁷)

201 3479 243 3487 ...ψ

267 3547 294 3612 1)
313 3548 456 3603 comment
482 3549 518 3603 ad
536 3550 591 3605 Cic.
610 3565 651 3618 ep.
670 3549 706 3602 ad
723 3549 797 3602 Fam.
818 3549 879 3613 Vll,
897 3548 920 3604 6.
948 3578 981 3588 -
1008 3549 1035 3613 2)
1054 3549 1140 3611 Bioti,
1159 3579 1194 3589 —
1214 3549 1326 3608 Nauck.

200 3633 285 3702 fragt.
302 3640 375 3702 trag.
401 3651 464 3703 pag.
488 3634 548 3690 642.
570 3665 617 3698 -,
642 3635 750 3689 Carcini
774 3663 806 3672 -
829 3627 934 3688 Nauck.
961 3651 1024 3703 pag.
1048 3633 1099 3687 620
1126 3665 1176 3697 -,
1204 3634 1329 3689 Dicaeo·

201 3720 331 3787 genis-
350 3717 453 3772 Nauck.
473 3736 537 3789 pag.
558 3720 615 3774 101.
630 3749 670 3772 -.
689 3751 723 3761 -
744 3721 771 3787 3)
789 3719 834 3771 Ita
850 3724 881 3770 ut
898 3719 927 3771 in
946 3719 1013 3774 1273
1031 3719 1093 3774 Chr.
1113 3719 1172 3774 Pet.
1192 3722 1327 3776 versibus

203 3803 271 3857 1125
287 3803 429 3871 Euripidis
448 3820 559 3869 versus,
583 3806 612 3858 in
635 3805 687 3862 410
705 3805 767 3858 Chr.
786 3803 845 3858 Pat.
870 3804 952 3856 unius
977 3804 1094 3858 Medeae
1117 3805 1246 3861 saevas.
1266 3823 1328 3860 cer·

201 3893 310 3942 nentur.
322 3921 351 3928 —-
372 3887 399 3955 4)
414 3889 468 3944 Die
486 3890 626 3959 Tragbdie
635 3890 756 3962 Χριστὸς
764 3891 895 3961 Πάσχων,
913 3889 1001 3958 Lng.
1012 3889 1080 3943 1855
1088 3890 1162 3944 Einl.
1174 3907 1240 3960 pag.
1251 3890 1285 3945 L.
1294 3922 1328 3930 -

201 3971 230 4038 5)
249 3972 303 4026 Die
320 3974 486 4044 Bedeutung
503 3976 553 4028 der
570 3975 710 4046 Tragbdie
728 3978 781 4050 Χρ.
801 3980 838 4030 Π.
856 3976 903 4029 fur
919 3975 966 4029 die
983 3973 1234 4043 Euripideskritik,
1260 3977 1329 4030 Phi·

201 4057 287 4128 lolog.
307 4058 393 4124 XXV,
412 4058 486 4126 1867,
504 4077 568 4133 pag.
586 4061 638 4116 220
648 4078 751 4132 sqq.-
769 4062 798 4130 6)
817 4061 858 4118 cf.
868 4076 933 4131 pag.
941 4058 993 4114 238
1002 4058 1072 4113 ΙΙ.-
1097 4058 1154 4126 7)l.
1174 4077 1197 4115 c.
1205 4077 1273 4132 pag.
1283 4061 1328 4118 59.
