2738 4634
669 239 820 346 *aa*

190 445 361 510 liberorum
383 444 575 530 pertinerent
597 465 668 509 eum
690 451 848 524 mutasse,
877 445 952 511 dum
974 446 1047 524 has,
1076 465 1159 530 quae
1179 465 1239 530 per
1259 447 1315 510 to-

185 552 251 612 tam
275 546 415 613 fabulam
437 547 501 611 illio
523 546 665 625 tendant,
686 549 869 613 immutatas
890 548 1089 631 relinqueret,
1111 569 1166 614 eas
1188 568 1316 633 nempe,

186 672 267 733 quae
289 650 400 714 matris
422 650 504 713 inter
526 670 664 714 amorem
687 651 857 715 liberorum
880 656 911 715 et
927 650 1034 714 mariti
1050 651 1156 716 odium
1172 651 1315 715 maxime

139 758 142 764 '
186 753 324 835 agitatae
352 751 498 834 partibus
533 750 660 816 fabulae
696 773 853 816 summum
885 752 1059 818 movendae
1097 752 1315 838 spectantium

159 853 418 918 misericordiae
451 859 644 917 momentum
680 853 831 919 tribuant.
878 853 911 920 Si
938 855 993 921 illa
1024 858 1122 940 poeta
1151 855 1316 933 mutabat,

186 962 287 1021 totam
309 955 451 1021 fabulam
481 955 572 1019 aliter
599 977 786 1041 componere
807 956 950 1023 debebat.
975 995 1015 1004 -
1045 957 1095 1022 An
1117 956 1314 1023 credendum

186 1065 243 1137 est,
265 1062 392 1142 politam
414 1058 502 1122 illurn
525 1079 632 1140 quem,
660 1064 815 1141 quantum
846 1080 967 1144 semper
995 1064 1173 1144 temporum
1207 1058 1314 1124 ratio·

186 1182 257 1226 nem
280 1162 435 1238 habuerit,
456 1159 633 1225 Boeckhius
656 1161 828 1246 explicat¹)
852 1162 886 1227 in
908 1162 1041 1227 alteram
1059 1161 1231 1227 editionem
1255 1183 1312 1227 eas

185 1271 363 1348 temporum
385 1264 524 1328 rationes
547 1263 763 1342 transtulisse,
792 1285 874 1348 quae
905 1264 965 1328 nisi
986 1263 1020 1327 iu
1041 1263 1147 1348 priore
1172 1263 1316 1330 editione

186 1374 297 1451 aptum
326 1367 428 1431 locum
462 1371 567 1430 tenere
600 1371 767 1448 nequeant.
812 1364 859 1431 Ol.
889 1365 1136 1441 LXXXVILA
1170 1367 1315 1451 primum

187 1470 271 1534 edita
292 1473 341 1533 cst
362 1467 480 1545 fabula,
502 1469 521 1532 i.
539 1489 563 1532 e.
587 1489 682 1546 anno,
704 1490 768 1551 quo
790 1468 906 1534 bellum
928 1468 1006 1533 illud
1027 1468 1192 1533 universae
1209 1467 1314 1532 Grae-

186 1572 253 1635 ciae
278 1576 345 1634 tam
371 1571 582 1655 perniciosum
613 1571 764 1636 instabat.
809 1566 1051 1636 Praecesserant
1079 1591 1207 1655 pugnae
1238 1569 1314 1638 illae

186 1672 354 1757 Epidamni
373 1680 472 1750 ortae,
495 1671 729 1737 Corinthiorum
751 1673 783 1737 in
803 1673 998 1739 Athenarum
1016 1671 1238 1756 hegemoniam
1259 1672 1313 1736 in-

185 1775 270 1841 vidia
290 1774 464 1859 productae
486 1780 582 1857 atque
604 1781 725 1839 auctae.
770 1774 809 1839 In
838 1776 977 1840 omnium
1006 1775 1102 1839 etiam
1130 1795 1184 1840 ore
1216 1780 1314 1839 erant

187 1875 368 1941 discrimina
396 1876 479 1940 inter
500 1876 641 1941 Athenas
671 1882 702 1940 et
728 1876 929 1954 Potidaeam,
958 1875 1195 1942 Corinthiorum
1223 1875 1315 1941 colo·

185 1979 271 2042 niam
302 1978 357 2044 sed
379 1978 631 2043 Atheniensibus
651 1978 908 2062 stipendiarium,
935 1980 1043 2045 eadem
1073 1977 1315 2044 Corinthiorum

186 2081 412 2165 agitationibus
434 2081 592 2166 producta
602 2080 640 2163 ²).
676 2080 829 2164 Denique,
851 2081 1094 2147 Atheniensibus
1118 2086 1170 2147 sat
1190 2081 1316 2146 multae

186 2189 278 2249 erant
298 2204 429 2259 causae,
451 2203 508 2247 cur
528 2183 665 2248 maxime
687 2181 857 2248 Corinthiis
884 2185 1105 2248 irascerentur.
1150 2182 1221 2247 Iam
1242 2181 1314 2248 Me·

186 2287 276 2351 deam
310 2284 466 2369 legamusl
512 2284 614 2362 Quam
645 2286 806 2370 praeclare
840 2285 959 2351 talibus
988 2284 1185 2369 temporibus
1217 2305 1315 2349 acco-

185 2389 333 2454 modatas
365 2392 439 2453 sunt
467 2387 554 2453 chori
583 2388 839 2466 lamentationes,
869 2389 925 2472 qui
954 2409 1015 2453 vss.
1042 2386 1108 2451 410
1138 2409 1207 2471 sqq.
1231 2386 1315 2452 haec

186 2496 311 2557 evocat:

391 2590 457 2658 άνιυ
480 2599 637 2676 ποταμῶν
660 2592 754 2681 ἱερῶν
772 2599 914 2680 χωροῦσι
936 2596 1041 2678 παγαί

388 2696 442 2759 καὶ
465 2695 539 2760 δίκα
562 2695 616 2759 καὶ
638 2693 745 2759 πάντα
766 2692 867 2761 πάλιν
889 2697 1072 2782 στρέφεται.

389 2792 525 2882 ἀνδράσι
546 2796 603 2879 μὲν
626 2795 733 2862 δόλιαι
755 2799 881 2882 βουλαί,
906 2802 994 2862 θεῶν
1016 2791 1044 2861 δ’

474 2894 578 2964 οὐκέτι
600 2904 713 2977 πίστις
736 2895 842 2987 άραρε.

186 3024 231 3067 vs,
253 2999 333 3065 439:
391 3004 509 3084 βέβακε
532 2997 560 3065 δ’
584 2993 686 3087 ὅρκων
705 3000 809 3086 χάρις,
833 2995 891 3066 odd
912 2995 954 3066 δι’
979 2993 1079 3076 αἷδιδς

388 3098 513 3167 Ἑλλάδι
534 3110 576 3189 τᾷ
596 3102 718 3189 μεγάλᾳ
739 3107 837 3186 μένει,
861 3101 995 3190 αἰθερία
1018 3096 1181 3166 δ’άνέιιτα.

270 3202 342 3268 Non
364 3205 457 3269 unius
482 3207 604 3288 poetae,
630 3245 656 3251 -
692 3205 831 3268 omnium
852 3204 1009 3269 bonorum
1031 3202 1143 3267 civium
1166 3200 1217 3266 his
1240 3223 1314 3267 ma-

185 3307 379 3372 nifestantur
401 3307 576 3372 sententiae
599 3326 635 3369 ac
659 3327 768 3370 sensus
791 3304 829 3369 de
843 3304 1022 3370 foederibus
1038 3304 1161 3382 solutis,
1183 3303 1224 3368 de
1238 3326 1315 3390 per-

186 3409 262 3474 fidia
284 3414 382 3492 atque
402 3408 613 3493 impudentia,
636 3430 717 3491 quac
739 3409 803 3473 iam
824 3429 883 3491 pro
906 3412 1009 3471 vetere
1031 3405 1092 3469 fide
1114 3415 1316 3489 grassentur.

186 3511 281 3576 Haud
310 3511 415 3594 inepte
444 3511 506 3574 huc
539 3532 665 3594 quoque
692 3509 789 3573 refert
818 3508 1017 3572 Weckleinus
1048 3508 1196 3591 colloquii
1226 3509 1316 3576 illius

186 3614 268 3678 inter
289 3611 432 3675 Medeam
461 3617 493 3676 et
521 3612 659 3694 Aegeum
685 3612 820 3677 turmam
847 3609 1082 3693 diplomaticam
1108 3647 1151 3656 --
1178 3611 1205 3675 si
1233 3612 1314 3677 har·

186 3715 265 3779 baro
287 3714 348 3779 hoc
371 3714 524 3779 vocabulo
546 3714 594 3778 uti
615 3714 688 3778 licet
712 3749 768 3790 -,
798 3732 878 3795 qua,
907 3733 988 3795 quae
1010 3712 1093 3777 inter
1114 3711 1314 3798 Corcyraeos

254 3949 281 4014 1)
304 3949 321 4003 l.
346 3965 368 4004 c.
392 3919 456 4017 pag.
482 3947 531 4002 175
549 3964 610 4016 sqq.
632 3948 687 4005 vid.
705 3963 790 4016 supra
807 3965 871 4018 pag.
890 3947 914 4002 6.
933 3948 956 4004 7.
976 3979 1009 3989 -
1032 3950 1060 4015 2)
1083 3948 1119 4005 cf.
1145 3948 1272 4018 Thucyd.
1299 3950 1312 4003 1

185 4034 219 4090 56
227 4067 246 4072 --
254 4035 287 4087 66
352 4084 355 4089 .
