2738 4634
664 255 707 322 34

611 354 761 364 ——--·—-

125 461 368 549 Euripidearum
390 458 571 528 fabularum
598 460 804 548 chronologia
824 467 903 529 nota
925 461 998 540 sint,
1018 459 1168 526 brevibus
1190 480 1242 524 ex-

124 567 305 651 ponendum
327 571 384 630 est.

660 735 714 804 Vl.

209 908 400 973 Mentionem
431 927 529 992 supra
559 907 689 973 fecimus
718 907 892 974 Hermanni
930 905 1104 972 sententiae
1112 908 1157 983 ¹),
1192 902 1278 987 qui}

124 1007 256 1088 ‘critica
279 1016 449 1094 antequam
471 1010 513 1074 ad
533 1009 714 1076 fabularum
736 1011 986 1077 emendationem
1008 1008 1160 1084 accedat,
1182 1025 1278 1090 quo-

126 1134 268 1197 quaeque
290 1118 431 1197 tempore
453 1112 572 1197 scripta
594 1114 645 1193 sit,
668 1119 699 1178 et
720 1112 860 1198 proinde,
885 1110 1094 1196 quantumin
1118 1128 1278 1194 quaque:

125 1215 222 1279 studii
238 1220 294 1280 aut
307 1216 447 1280 incuriae
457 1213 533 1279 ferri
546 1213 668 1300 possit'‚
687 1215 941 1300 investigandum
954 1213 1117 1299 praecipit.
1161 1211 1278 1276 Inter:

125 1319 246 1401 priores
269 1318 351 1382 enim
374 1323 405 1382 et
426 1318 617 1402 posteriores
640 1317 764 1383 fabulas
787 1338 859 1382 cum
874 1316 1037 1403 Sophoclis
1059 1323 1129 1380 tum
1151 1314 1278 1379 Euri—

124 1419 206 1503 pidis
230 1441 380 1504 maguum
402 1441 459 1484 nec
482 1441 558 1484 casu
576 1419 768 1484 intercedere
786 1420 968 1496 discrimem
991 1416 1145 1501 Aeschylo
1164 1416 1278 1482 enin-

124 1522 187 1584 iam
218 1521 334 1586 dudum
370 1528 513 1600 mortuo,
544 1518 628 1586 ‘cum
649 1521 779 1588 ¹furiose
814 1521 984 1605 tragoediis
1014 1518 1278 1584 delectarentur:

124 1620 338 1689 Athenienses'
362 1625 485 1710 copiam
508 1625 665 1690 exstitisse
685 1625 811 1690 illorum
832 1621 1082 1708 politorum,'qui
1098 1623 1160 1686 etsi
1174 1642 1278 1686 cor—

123 1733 306 1809 rumperent
333 1729 487 1811 tragicam
516 1732 633 1805 artem,
663 1733 769 1792 tamen
804 1727 891 1792 haud
919 1725 1122 1810 displicerent
1151 1722 1272 1809 plebi,

124 1829 207 1893 unde
229 1827 374 1894 effectum
397 1851 477 1908 esse,
499 1836 535 1894 ut
557 1851 596 1894 ne
617 1830 761 1895 meliores
792 1829 919 1914 quidem
940 1831 1053 1913 poetae
1074 1826 1154 1891 illud
1176 1832 1270 1892 stu-

124 1930 210 1994 dium
231 1931 383 2015 illamque
412 1932 623 2016 diligentiam,
655 1954 720 2016 qua
751 1937 825 1997 ante
847 1936 951 1996 essent
973 1930 1042 2008 usi,
1063 1929 1252 1994 retinerent.

123 2032 225 2110 Quam
257 2033 465 2099 mutationem
500 2034 619 2099 iactam
655 2055 723 2100 esse
751 2033 800 2099 Ol.
829 2032 885 2098 XC
916 2039 948 2098 et
975 2031 1058 2097 XCI.
1110 2030 1256 2097 Investi-

122 2136 219 2218 gandi
248 2142 355 2200 autem
385 2138 553 2221 temporis,
588 2137 643 2203 ubi
672 2142 811 2202 veterum
836 2136 978 2220 ipsorum
1008 2135 1123 2200 desunt
1153 2133 1243 2198 testi-

122 2238 238 2316 monia,
260 2259 325 2303 nou
342 2261 441 2304 uuum
456 2245 561 2304 exstat
577 2238 736 2304 indicium.
781 2237 901 2303 Notum
923 2243 980 2314 est,
1001 2235 1244 2321 Euripidem,—

123 2339 309 2425 Sophoolem
331 2342 462 2407 missum
484 2341 637 2408 molamus
651 2379 712 2420 -‚
734 2342 767 2405 in
789 2339 1013 2426 componendis
1027 2338 1138 2404 metris
1152 2339 1238 2421 longe

122 2443 218 2507 aliam
239 2448 381 2509 secutum
403 2466 471 2510 esse
492 2445 648 2510 rationem
674 2445 708 2508 in
735 2444 894 2529 prioribus
925 2465 1005 2528 quas
1037 2442 1154 2509 scimus
1175 2446 1236 2506 tra-

122 2545 252 2628 goediis,
274 2552 371 2630 atque
391 2547 425 2610 in
446 2547 684 2631 posterioribus.
730 2545 807 2611 Cum
830 2547 956 2611 illarum
979 2550 1083 2610 metra
1104 2543 1235 2627 Aeschy-
1276 2610 1278 2617 ,

120 2647 177 2711 leis
200 2668 238 2711 ao
261 2647 442 2733 Sophocleis
466 2648 579 2714 similia
601 2649 665 2714 sint
681 2649 800 2727 metris,
821 2650 855 2713 in
876 2647 1046 2733 postremis
1068 2647 1172 2713 maior
1192 2649 1233 2711 est

120 2754 293 2815 metrorum
315 2751 468 2829 varietas,
495 2757 527 2815 et
559 2752 645 2835 quod
673 2752 825 2838 imprimis
854 2756 902 2816 est
923 2749 1234 2824 commemorandum,
1275 2748 1278 2833 f

121 2872 192 2915 cum
215 2853 445 2967 posterioribus
467 2853 622 2938 plurimae
650 2853 684 2918 in
713 2853 865 2918 trimetris
887 2853 1087 2938 reperiantur
1109 2851 1232 2918 solutio·
1275 2846 1278 2931 i

120 2974 191 3031 nes,
213 2955 246 3019 in
268 2955 427 3040 prioribus
450 2957 604 3022 eiusmodi
626 2978 680 3022 exs
682 2961 753 3019 tant
775 2955 962 3020 rarissimae.
1007 2955 1054 3020 De
1077 2973 1142 3039 quo
1161 2951 1231 3020 conf.
1276 2940 1278 2965 '

118 3055 187 3120 Ioh
204 3055 360 3142 Rumpelii
382 3064 527 3123 comente
527 3061 700 3137 tionem2),
722 3058 777 3140 qui
799 3059 883 3122 huuc
905 3056 1077 3122 secundum
1107 3054 1278 3123 solutio-¹¹
1274 3100 1278 3161 4

120 3179 196 3222 num
218 3181 382 3225 numerum
406 3167 507 3226 constr
497 3161 571 3226 ituit
592 3162 772 3227 fabularum
794 3159 950 3225 ordinem:

387 3263 463 3330 Fab
593 3265 724 3330 trimetr.
748 3283 866 3327 numer.
913 3261 1005 3326 solut.

364 3366 492 3451 Hippol.
702 3365 783 3430 1042
954 3365 994 3428 62

364 3452 479 3517 Alcest.
720 3450 782 3515 803
953 3449 995 3514 53

363 3553 475 3620 Medea
702 3553 782 3617 1037
955 3552 996 3616 74

363 3655 487 3722 Heracl.
719 3652 782 3721 895
952 3654 993 3718 66

365 3758 472 3842 [Rhes.
719 3756 780 3821 687
953 3756 1009 3837 63]

119 3898 146 3904 ..-
150 3897 320 3905 --..----

190 3983 214 4047 1)
235 3979 270 4032 Cf
294 3995 357 4046 pag.
375 3978 391 4031 6
418 4009 450 4017 -
473 3978 499 4045 2)
517 3976 571 4030 Die
588 3977 781 4046 Auflosungen
799 3977 835 4030 im
855 3978 993 4031 Trimcter
1010 3976 1061 4030 des
1079 3975 1231 4046 Euripides,
1276 3948 1278 3987 Ξ

119 4065 209 4116 Plrilol
239 4065 336 4124 ΧΧΙ“,
357 4064 422 4115 lado
440 4079 503 4132 pag.
523 4062 573 4115 llll
593 4080 653 4130 sqq.
