2738 4634
603 213 755 322 a

477 428 519 508 λῇ
542 420 673 507 δὲαῇδε
696 416 839 505 Σισύφου

207 608 210 617 Ι
271 520 386 611 σεμνὴν
408 520 520 610 ἑορτὴν
541 525 597 588 καὶ
618 524 690 609 τέλη
713 518 933 609 πρσςάιμομεν

270 621 308 690 υδ
331 622 448 690 λοινιὸν
471 621 541 691 ἀντὶ
562 625 656 691 τοῦδε
681 625 856 708 δυσσεβοῦς
878 620 979 710 φόνου
1001 658 1044 666 -

119 728 247 792 Medeae
295 727 430 791 tributos
482 749 546 791 non
595 727 679 792 illius
725 725 779 790 sed
807 725 948 802 Iunonis
999 745 1066 788 esse
1109 724 1240 788 censuit.

119 828 211 907 Quod
233 835 339 894 tamen
362 850 427 893 non
449 828 595 894 omuibus
621 828 787 914 persuasit.
834 825 912 891 Cum
934 826 1016 892 enirn
1038 845 1101 890 non
1123 825 1241 890 intelli-

119 939 216 1013 geret,
237 926 302 1013 ‘qui
325 929 445 1007 Medea,
472 952 552 1014 quae
574 931 645 1014 ipsa
671 929 788 995 liberos
810 924 1029 1005 trucidaverit,
1054 932 1122 991 tam
1148 927 1242 992 foedo

119 1032 245 1097 nomine
267 1032 392 1097 caedem
415 1032 597 1117 adpellaret‚
620 1033 676 1116 qui
698 1030 868 1098 Corinthiis
886 1033 1042 1116 imperare
1063 1037 1182 1114 posset,
1205 1035 1243 1094 ut

119 1134 321 1200 instituerent
350 1155 442 1198 sacra
468 1140 599 1219 propter
627 1132 716 1211 eam',
750 1157 822 1199 cum
848 1133 1041 1200 Matthiaeus
1072 1134 1242 1199 oblocutus

120 1244 168 1302 est
177 1240 212 1315 1),
234 1242 302 1301 tum
325 1235 404 1300 God.
427 1235 628 1301 Hermannus
650 1244 735 1302 recte
757 1238 921 1321 opposuit,
949 1237 1092 1302 Medeam
1114 1235 1244 1301 caedem

118 1335 165 1405 ‘eo
189 1360 253 1422 quo
276 1339 388 1404 debeat
410 1340 536 1404 nomine
557 1340 716 1425 appellare
743 1337 882 1428 δυσσεβῆ
905 1336 1024 1427 φόνού,
1044 1361 1110 1404 σου
1135 1339 1243 1402 minus

119 1443 172 1507 illo
195 1442 322 1525 quidem
344 1447 438 1527 apto,
472 1464 569 1525 quam
596 1446 691 1507 antea
718 1463 763 1506 vs.
788 1441 868 1506 796:
897 1440 987 1529 ἐ’ρμον
1011 1438 1241 1521 ἀνοσιώτατον,

120 1550 151 1608 et
173 1565 218 1609 va.
248 1543 346 1611 1328:
376 1544 466 1631 ’ἔργον
489 1546 755 1628 δυσσεβέσταυον;
782 1537 891 1628 ‘atque
916 1544 967 1608 hic
994 1544 1050 1609 ubi
1079 1564 1172 1609 sacra
1201 1542 1244 1606 ad

120 1646 307 1731 expiandam
339 1648 427 1711 illam
459 1647 586 1711 caedem
620 1668 653 1712 se
685 1646 906 1711 instituturam
935 1645 997 1723 ait,
1027 1646 1243 1711 necessarium

120 1770 197 1825 esse,
218 1755 255 1812 ut
276 1749 348 1833 ipsa
368 1748 526 1832 improbet
547 1748 624 1812 illud
645 1743 787 1813 facinus’.
820 1746 912 1825 Quod
930 1753 1056 1832 praeter
1078 1770 1116 1813 ea
1132 1753 1245 1813 monet

118 1851 294 1915 Boeckhius
316 1846 382 1936 τγῆν
405 1848 549 1936 Σισύφου
572 1851 758 1915 Corinthum
787 1849 939 1925 invidiose
962 1845 1125 1935 appellari'
1148 1849 1182 1913 in
1205 1871 1243 1915 eo

119 1973 183 2018 non
204 1950 276 2037 plus
299 1953 435 2017 invidiae
456 1953 568 2029 inesse,
592 1936 688 2036 quam
710 1973 770 2017 vsa
801 1952 873 2016 404.
896 1951 917 2016 5
939 1953 972 2015 in
994 1953 1059 2016 his:

474 2050 510 2119 ού
532 2055 655 2138 γέλωτα
678 2055 726 2120 δεῖ
748 2051 776 2120 σ’
800 2053 911 2141 ὀφλεῖν

270 2169 340 2235 τοῖς
362 2161 549 2244 Σισοφείοις
569 2167 638 2234 τοῖς
659 2153 686 2222 τ’
707 2153 843 2234 Ἰάσονος
865 2155 982 2242 γάμοις
1002 2195 1063 2234 -,

120 2258 174 2324 sed
197 2257 376 2323 Corinthios
407 2263 440 2321 et
467 2258 546 2328 nihil
568 2258 703 2342 amplius
725 2258 874 2342 intelligi,
903 2259 1087 2324 Hermanno
1110 2258 1242 2324 concedi

119 2360 220 2425 debet.
241 2397 284 2406 -
313 2359 377 2425 Neo
406 2365 512 2425 tamen
538 2361 658 2445 primus
687 2359 748 2424 fuit
769 2359 960 2438 Boechhius,
987 2361 1042 2444 qui
1071 2382 1133 2426 uss.
1159 2362 1243 2426 1381

119 2484 189 2546 sqq.
233 2462 348 2526 Iunoni
377 2463 497 2528 tribuit.
540 2462 610 2527 Iam
646 2468 721 2526 ante
749 2483 820 2527 eum
845 2462 1083 2547 Boettigerus2)
1113 2463 1244 2529 dubita-

118 2565 236 2628 tionem
269 2571 432 2641 moverat,
470 2565 648 2630 Aristotelis
679 2565 749 2630 loco
780 2563 924 2630 effectam
933 2563 962 2648 ³)
995 2559 1148 2653 ‘possode
1187 2559 1244 2634 οὖν

119 2660 170 2731 ὅτι
192 2668 246 2731 καὶ
268 2664 327 2744 τὰς
349 2667 456 2746 λύσεις
479 2674 544 2733 τῶν
566 2665 683 2749 μύθων
705 2663 740 2749 ἐξ
758 2663 855 2733 αὐτοῦ
879 2668 930 2733 δεῖ
949 2672 1006 2732 τοῦ
1028 2666 1138 2751 μύθου
1162 2692 1244 2752 συμ-

119 2773 258 2854 βαίνειν,
288 2771 344 2834 καὶ
370 2767 413 2858 μὴ
443 2765 551 2856 ὥσπερ
581 2768 613 2836 ἓν
641 2777 680 2857 τῇ
707 2771 834 2859 Μηδείᾳ
862 2764 929 2835 ἄνιὸ
958 2777 1098 2858 μηχανῆς
1125 2771 1188 2836 ’καλ
1211 2770 1244 2837 ἒν

118 2878 158 2958 τῇ
178 2868 289 2938 Ἰλιάδι
310 2867 352 2935 τὰ
373 2875 449 2957 περὶ
465 2867 522 2937 cdv
546 2868 736 2938 ἀνιόννλουύ.
781 2871 951 2956 Vituperat
972 2872 1068 2955 igitur
1083 2872 1243 2938 Aristote-

119 2974 180 3051 les,
210 2974 297 3056 quod
323 2973 454 3039 deorum
479 2974 527 3040 vel
554 2975 686 3039 heroum
713 2975 891 3039 interventu
920 2972 1046 3038 fabulae
1077 2974 1119 3039 ad
1146 2973 1245 3039 finem

118 3075 342 3159 perducantur.
388 3076 449 3141 Sed
476 3076 509 3140 in
534 3076 694 3162 Euripidis
723 3075 833 3141 fabula
863 3097 927 3140 non
956 3075 1090 3140 inveniri
1122 3076 1172 3140 dei
1194 3077 1246 3142 vel

120 3177 224 3242 herois
245 3178 456 3242 interventum
463 3205 471 3256 3
494 3200 551 3243 neo
573 3179 730 3262 designari
753 3199 847 3262 posse
869 3177 1012 3242 Medeam
1035 3177 1122 3242 alato
1144 3199 1243 3244 curru

119 3279 325 3373 insistentem.
375 3279 454 3344 Inde
490 3278 741 3346 concludendum
770 3301 851 3357 esse,
885 3275 929 3343 ‘in
960 3279 1067 3363 priore
1104 3280 1245 3346 editione

119 3380 272 3445 Iunonem
304 3383 428 3466 aliquas
456 3383 489 3446 in
510 3382 572 3447 fine
592 3389 700 3466 partes
722 3383 886 3458 habuisse,
916 3402 999 3464 quae
1027 3403 1066 3445 ex
1094 3383 1246 3448 machina

120 3485 314 3566 apparuerit,
336 3507 408 3549 cum
430 3489 499 3548 tota
520 3485 611 3572 ῥῆσις
632 3484 761 3564 Medeae
781 3486 813 3548 in
837 3505 893 3561 ea,
923 3503 1005 3565 qnae
1027 3483 1132 3547 adhuc
1153 3483 1244 3568 lega-

120 3590 174 3648 tur
202 3585 311 3651 fabula
337 3586 447 3651 melius
476 3587 508 3649 in
538 3586 692 3652 Iunonem
723 3587 875 3671 quadret,
905 3605 1002 3667 quam
1031 3585 1064 3648 in
1092 3585 1245 3650 feminam

120 3686 228 3770 fugam
244 3709 341 3770 quam
356 3689 514 3753 celerrime
536 3687 771 3773 capessentem’,
784 3709 857 3773 pag.
879 3685 947 3752 123.
992 3686 1113 3752 Deinde
1125 3684 1242 3754 ‘offen-

189 3923 217 3991 1)
236 3924 304 3994 Pag.
327 3922 378 3976 429
401 3925 523 3978 adnotat.
547 3955 579 3964 —
606 3924 634 3992 2)
658 3924 755 3978 Matth.
773 3922 853 3977 MIsc.
874 3923 893 3977 1.
911 3939 976 3992 pag.
994 3923 1052 3978 123.
1071 3953 1103 3962 -
1130 3924 1160 3992 3)
1179 3926 1244 3982 Art

120 4014 194 4078 poet.
212 4009 317 4072 XVIII,
336 4008 369 4061 12
387 4009 429 4063 ed.
448 4009 541 4062 Herm.
