2738 4634
609 249 627 312 1

541 346 693 354 ψ--ῄψι

54 474 157 537 nuper
189 458 265 517 sunt
292 452 391 518 allata
420 457 607 536 argumenta
636 452 670 517 in
692 452 787 538 Tych.
810 453 996 518 Mommseni
1026 453 1177 517 disserta·

52 554 142 620 tione
163 554 205 619 ad
227 575 325 638 quam
345 553 430 619 infra
451 555 543 620 nobis
566 555 626 619 erit
647 554 871 620 recurrendum
882 557 917 632 1).

142 657 230 722 Alius
264 657 452 722 conditionis
480 656 622 740 reliquae
652 656 827 741 corrigendi
850 658 991 723 rationes
1025 658 1065 723 ab
1095 658 1177 722 Her-

53 780 173 824 manno
195 760 355 825 indicatae
377 764 467 835 sunt,
491 781 627 842 quarum
650 759 751 824 altera
772 760 805 823 in
828 759 1018 843 refingendis
1046 760 1177 843 quibus-

56 860 131 925 dam
153 862 299 945 partibus
322 861 476 926 dramatis
499 862 657 939 cernitur,
679 862 779 926 altera
801 862 834 925 in
859 861 1052 946 corrigendis
1075 864 1177 927 verbis

55 964 105 1027 rel
133 965 284 1030 versibus
336 964 394 1029 His
424 963 601 1029 rationibus
638 969 706 1028 tum
740 964 925 1048 plerumque
955 968 1066 1049 po'e'tas
1104 986 1178 1029 usos

56 1086 125 1131 esse
147 1066 304 1144 videmus,
336 1067 391 1131 ubi
420 1067 551 1132 eandem
579 1065 721 1132 fabulam
742 1067 857 1132 iterum
879 1067 993 1131 edituri
1015 1067 1093 1132 haec
1114 1067 1179 1144 illa,

57 1187 141 1250 quae
164 1168 381 1254 displicerent,
411 1174 468 1234 aut
497 1168 599 1252 magis
629 1173 686 1233 aut
711 1170 816 1233 minus
845 1160 1013 1234 mutarent.
1057 1169 1095 1233 In
1116 1168 1178 1232 illis

57 1274 167 1335 tamen
189 1270 416 1354 investigandis
438 1291 562 1336 summa
588 1271 735 1336 cautione
757 1292 836 1355 opus
858 1277 920 1348 est,
949 1293 1002 1348 ne,
1028 1271 1088 1336 nisi
1111 1292 1178 1336 cer-

56 1372 183 1437 tissima
205 1372 358 1438 accedant
378 1374 505 1452 indicia,
525 1375 564 1439 iis
587 1374 696 1438 statim
718 1373 809 1450 locis,
833 1374 887 1457 qui
911 1372 1098 1438 offensiones
1121 1373 1178 1437 ha-

56 1474 165 1552 beant,
188 1476 227 1540 de
249 1475 366 1560 duplici
388 1475 523 1542 editione
545 1477 727 1560 cogitemus
773 1475 945 1559 Quousque
962 1482 1069 1540 autem
1083 1475 1179 1539 licen-

56 1577 103 1641 tia
125 1598 235 1643 eorum
255 1583 404 1661 vagetur,
432 1579 487 1662 qui
516 1579 596 1643 tales
627 1578 666 1642 de
695 1579 810 1662 quibus
841 1578 978 1643 diximus
1001 1576 1180 1660 corrigendi

56 1679 197 1745 rationes
224 1681 326 1746 ubivis
353 1669 508 1747 invenisse
539 1682 600 1747 sibi
625 1681 806 1757 videantur,
833 1681 866 1745 in
887 1680 1117 1765 perlustrandis
1140 1681 1178 1744 iis

56 1784 251 1866 argumentis
278 1783 462 1869 apparebit,
499 1784 614 1868 quibus
648 1783 688 1848 ad
721 1783 1001 1848 demonstrandam
1031 1784 1178 1847 iteratam
1276 1863 1281 1871 ι

55 1884 225 1950 editionem
246 1885 375 1952 Medeae
401 1886 527 1953 fabulae
548 1887 598 1951 usi
620 1885 692 1951 sint.
716 1922 758 1932 -
789 1885 846 1950 His
869 1886 1052 1970 praemissis
1075 1885 1178 1970 ipsam

56 2008 124 2052 rem
146 1988 345 2072 propositam
367 1989 598 2073 aggrediamur.

602 2173 628 2244 l.

143 2313 334 2399 Disputandi
363 2313 401 2379 de
430 2313 559 2378 Medeae
591 2335 688 2397 qnam
721 2312 874 2379 habemus
910 2313 1031 2396 origine
1066 2334 1178 2378 ansam

56 2416 206 2508 praebuit
228 2418 412 2500 Argumenti
432 2417 531 2497 locus,
554 2438 617 2500 quo
633 2417 716 2504 legit
716 2438 771 2482 ur:
798 2415 840 2482 Τὸ
864 2418 969 2504 δρᾶμα
992 2411 1114 2482 δοκεῖ’
1097 2439 1178 2481 vao-
1206 2388 1323 2529 ff

54 2518 225 2615 palebduc
225 2545 332 2612 παρα
319 2516 571 2613 Νεοφρονος
572 2519 649 2583 sic
664 2520 730 2585 cod.
745 2520 829 2585 Flor.
845 2495 1226 2619 31,15;donttracod

55 2622 133 2704 Pal.
152 2622 214 2689 287
248 2647 511 2719 παναιοφρονως
534 2618 565 2687 et
593 2622 661 2688 cod.
693 2623 733 2686 H
767 2619 853 2687 πάνυ
883 2614 1065 2710 εὐφρό1ως,
1097 2641 1180 2703 quae

58 2720 257 2791 Dindorfio
248 2731 356 2812 mepta
377 2727 576 2810 grammatici
597 2726 780 2791 coniectura
801 2726 924 2794 videtur
946 2746 1029 2806 esse,
1052 2730 1088 2788 ut
1110 2748 1179 2810 yer-

56 2829 278 2917 ναιοφρόνως,
303 2828 389 2950 quod
406 2828 586 2893 Brunckius
608 2827 767 2892 edidit—
789 2827 1021 2930 dtoosevdccg,
1051 2823 1140 2906 ὥς
1120 2836 1180 2892 Δι-

33 2930 256 3030 ἱ,1111111ρχόςμ
247 2956 282 3035 ac
317 2933 394 3018 περὶ
428 2937 486 2996 τοῦ
515 2927 663 3013 Ἑλλάδος
698 2935 772 3014 βίου
803 2933 859 2997 καὶ
882 2924 1167 3018 Apterordlqg'
1148 2954 1179 2994 ev
1231 2974 1235 2979 -

56 3022 289 3141 dnopqupcol
303 3032 397 3099 &cod
413 3031 511 3097 Flor.
541 3032 623 3118 scrip
625 3038 746 3110 turam,
775 3055 858 3117 quae
884 3033 939 3099 diu
966 3031 1076 3109 latuit,
1107 3038 1181 3116 post

55 3124 225 3214 Beckium,
249 3135 358 3219 quiin
379 3133 634 3222 γενναιοφρόνως
662 3135 761 3201 latere
782 3136 932 3221 putabat:
964 3130 981 3200 ὁ
1005 3133 1181 3212 Σικυώνιος

56 3236 228 3326 Νεόφρων,
244 3239 425 3304 coniectura
440 3242 515 3303 sunt
528 3238 873 3304 assecutMatt1h1aeus
883 3235 1180 3317 ²)tElmsleius³)‚

57 3341 114 3425 qui
136 3340 292 3424 quidem
283 3364 317 3406 1n
338 3341 604 3407 constituendis
595 3340 673 3425 1psis
700 3339 802 3405 verbis
834 3359 1005 3403 consensus
1032 3361 1097 3403 non
1119 3341 1179 3404 im-

1257 2906 1276 2949 e

55 3441 193 3530 pedivit,
221 3445 390 3527 quominus
417 3444 451 3507 in
476 3442 721 3528 interpretandis
748 3443 787 3506 iis
810 3440 946 3504 maxime
968 3440 1179 3506 dissentirent.

57 3543 139 3610 Cum
160 3545 243 3610 enim
264 3545 430 3612 Elmsleius
452 3547 486 3611 in
508 3546 604 3611 verba
626 3544 713 3611 δοκεῖ
735 3540 966 3627 ὑποβαλέσθαι
986 3539 1178 3632 reptata&

56 3669 167 3714 vocem
189 3634 397 3741 supplendam
420 3669 487 3713 esse
508 3652 659 3725 censeret,
681 3652 720 3711 ut
732 3644 914 3730 Euripidem
936 3645 1078 3712 fabulam
1097 3647 1181 3712 Neo-

56 3750 191 3837 phronis
213 3751 366 3834 recepisse
388 3758 420 3816 et
439 3750 633 3853 recensuisse
654 3749 735 3814 verti
756 3753 929 3833 posset,-
954 3748 1040 3834 qucd
1055 3748 1182 3832 quidem

129 3971 238 4038 t)Vid.
264 3972 364 4040 Georg.
391 3971 478 4026 Curtii
500 3971 704 4033 recensionem,
726 3969 831 4023 Jenaer
858 3969 945 4022 Liter.
971 3967 1182 4039 Zeitung18742

58 4074 118 4112 nro.
135 4055 195 4114 535.
212 4087 247 4096 -
263 4059 291 4124 2)
309 4073 373 4127 pag.
392 4056 443 4111 420
461 4072 522 4126 sqq.
542 4056 609 4109 edit.
627 4083 657 4095 ν
677 4054 704 4122 3)
722 4071 785 4125 pag.
803 4055 837 4109 52
855 4054 920 4111 edit.
