<?xml version="1.0" encoding="UTF-8"?>
<!DOCTYPE html PUBLIC "-//W3C//DTD XHTML 1.0 Transitional//EN"
    "http://www.w3.org/TR/xhtml1/DTD/xhtml1-transitional.dtd">
<html xmlns="http://www.w3.org/1999/xhtml" xml:lang="en" lang="en">
 <head>
  <title>
</title>
<meta http-equiv="Content-Type" content="text/html;charset=utf-8" />
  <meta name='ocr-system' content='tesseract 3.04.00' />
  <meta name='ocr-capabilities' content='ocr_page ocr_carea ocr_par ocr_line ocrx_word'/>
</head>
<body>
  <div class='ocr_page' id='page_1' title='image "./quiddeiteratame00kletgoog_0020.png"; bbox 0 0 2738 4634; ppageno 0'>
   <div class='ocr_carea' id='block_1_1' title="bbox 544 282 693 389">
    <p class='ocr_par' dir='ltr' id='par_1_1' title="bbox 544 282 693 389">
     <span class='ocr_line' id='line_1_1' title="bbox 544 282 693 389; baseline 0.007 -1"><span class='ocrx_word' id='word_1_1' title='bbox 544 382 553 388; x_wconf 70' lang='grc'><strong>,</strong></span> <span class='ocrx_word' id='word_1_2' title='bbox 593 282 693 389; x_wconf 10' lang='lat' dir='ltr'>*lli*</span> 
     </span>
    </p>
   </div>
   <div class='ocr_carea' id='block_1_2' title="bbox 56 481 1304 572">
    <p class='ocr_par' dir='ltr' id='par_1_2' title="bbox 56 481 1304 572">
     <span class='ocr_line' id='line_1_2' title="bbox 56 481 1304 572; baseline 0.002 -25"><span class='ocrx_word' id='word_1_3' title='bbox 56 481 132 548; x_wconf 89' lang='lat' dir='ltr'>dere</span> <span class='ocrx_word' id='word_1_4' title='bbox 162 483 254 548; x_wconf 90' lang='lat' dir='ltr'>docet</span> <span class='ocrx_word' id='word_1_5' title='bbox 274 481 473 568; x_wconf 86' lang='lat' dir='ltr'>Boettigerus</span> <span class='ocrx_word' id='word_1_6' title='bbox 499 506 572 569; x_wconf 87' lang='lat' dir='ltr'>pag.</span> <span class='ocrx_word' id='word_1_7' title='bbox 607 484 669 550; x_wconf 80' lang='lat'>124</span> <span class='ocrx_word' id='word_1_8' title='bbox 691 507 773 569; x_wconf 89' lang='lat' dir='ltr'>quae</span> <span class='ocrx_word' id='word_1_9' title='bbox 801 485 909 551; x_wconf 89' lang='lat' dir='ltr'>statim</span> <span class='ocrx_word' id='word_1_10' title='bbox 938 491 1112 572; x_wconf 89' lang='lat' dir='ltr'>sequantur</span> <span class='ocrx_word' id='word_1_11' title='bbox 1138 486 1176 551; x_wconf 87' lang='lat' dir='ltr'>de</span> <span class='ocrx_word' id='word_1_12' title='bbox 1300 553 1304 561; x_wconf 76' lang='grc'>,</span> 
     </span>
    </p>
   </div>
   <div class='ocr_carea' id='block_1_3' title="bbox 53 580 1181 3633">
    <p class='ocr_par' dir='ltr' id='par_1_3' title="bbox 53 580 1181 3633">
     <span class='ocr_line' id='line_1_3' title="bbox 54 580 1176 672; baseline 0.005 -24"><span class='ocrx_word' id='word_1_13' title='bbox 54 590 161 649; x_wconf 91' lang='lat' dir='ltr'>morte</span> <span class='ocrx_word' id='word_1_14' title='bbox 189 580 342 663; x_wconf 83' lang='lat' dir='ltr'>Iasonis&#39;3</span> <span class='ocrx_word' id='word_1_15' title='bbox 368 591 529 670; x_wconf 84' lang='lat' dir='ltr'>postremo</span> <span class='ocrx_word' id='word_1_16' title='bbox 567 587 761 671; x_wconf 84' lang='lat' dir='ltr'>interrogat,</span> <span class='ocrx_word' id='word_1_17' title='bbox 790 586 872 672; x_wconf 83' lang='lat' dir='ltr'>‘quis</span> <span class='ocrx_word' id='word_1_18' title='bbox 900 609 1053 672; x_wconf 89' lang='lat' dir='ltr'>umquam</span> <span class='ocrx_word' id='word_1_19' title='bbox 1080 589 1176 654; x_wconf 83' lang='lat' dir='ltr'>fando</span> 
     </span>
     <span class='ocr_line' id='line_1_4' title="bbox 54 687 1178 771; baseline 0.004 -19"><span class='ocrx_word' id='word_1_20' title='bbox 54 687 231 771; x_wconf 87' lang='lat' dir='ltr'>acceperit,</span> <span class='ocrx_word' id='word_1_21' title='bbox 265 688 469 753; x_wconf 79' lang='lat' dir='ltr'>vaticinatam</span> <span class='ocrx_word' id='word_1_22' title='bbox 499 709 567 753; x_wconf 92' lang='lat' dir='ltr'>esse</span> <span class='ocrx_word' id='word_1_23' title='bbox 595 689 739 754; x_wconf 84' lang='lat' dir='ltr'>Medeam</span> <span class='ocrx_word' id='word_1_24' title='bbox 768 696 800 755; x_wconf 90' lang='lat' dir='ltr'>et</span> <span class='ocrx_word' id='word_1_25' title='bbox 827 690 988 756; x_wconf 78' lang='lat' dir='ltr'>fatidicam</span> <span class='ocrx_word' id='word_1_26' title='bbox 1018 691 1178 756; x_wconf 90' lang='lat' dir='ltr'>mulierem</span> 
     </span>
     <span class='ocr_line' id='line_1_5' title="bbox 53 786 1177 874; baseline 0.003 -21"><span class='ocrx_word' id='word_1_27' title='bbox 53 789 169 853; x_wconf 82' lang='lat' dir='ltr'>futura</span> <span class='ocrx_word' id='word_1_28' title='bbox 194 786 406 873; x_wconf 82' lang='lat' dir='ltr'>praedixisse&#39;.</span> <span class='ocrx_word' id='word_1_29' title='bbox 450 790 631 874; x_wconf 84' lang='lat' dir='ltr'>Boettigero</span> <span class='ocrx_word' id='word_1_30' title='bbox 661 792 800 857; x_wconf 86' lang='lat' dir='ltr'>oblocuti</span> <span class='ocrx_word' id='word_1_31' title='bbox 828 797 902 857; x_wconf 87' lang='lat' dir='ltr'>sunt</span> <span class='ocrx_word' id='word_1_32' title='bbox 923 793 1116 858; x_wconf 85' lang='lat' dir='ltr'>Matthiaeus</span> <span class='ocrx_word' id='word_1_33' title='bbox 1146 798 1177 857; x_wconf 93' lang='lat' dir='ltr'>et</span> 
     </span>
     <span class='ocr_line' id='line_1_6' title="bbox 55 891 1178 979; baseline 0 -21"><span class='ocrx_word' id='word_1_34' title='bbox 55 891 139 958; x_wconf 84' lang='lat' dir='ltr'>God.</span> <span class='ocrx_word' id='word_1_35' title='bbox 162 891 372 957; x_wconf 87' lang='lat' dir='ltr'>Hermannus.</span> <span class='ocrx_word' id='word_1_36' title='bbox 416 892 557 970; x_wconf 80' lang='lat' dir='ltr'>Quorum</span> <span class='ocrx_word' id='word_1_37' title='bbox 578 895 679 978; x_wconf 92' lang='lat' dir='ltr'>prior,</span> <span class='ocrx_word' id='word_1_38' title='bbox 707 896 767 959; x_wconf 92' lang='lat' dir='ltr'>etsi</span> <span class='ocrx_word' id='word_1_39' title='bbox 793 915 851 979; x_wconf 91' lang='lat' dir='ltr'>pro</span> <span class='ocrx_word' id='word_1_40' title='bbox 880 895 1012 979; x_wconf 86' lang='lat' dir='ltr'>simplici</span> <span class='ocrx_word' id='word_1_41' title='bbox 1041 894 1178 959; x_wconf 90' lang='lat' dir='ltr'>editione</span> 
     </span>
     <span class='ocr_line' id='line_1_7' title="bbox 53 994 1175 1081; baseline 0.003 -24"><span class='ocrx_word' id='word_1_42' title='bbox 53 999 192 1079; x_wconf 85' lang='lat' dir='ltr'>pugnat,</span> <span class='ocrx_word' id='word_1_43' title='bbox 212 994 343 1059; x_wconf 91' lang='lat' dir='ltr'>leviores</span> <span class='ocrx_word' id='word_1_44' title='bbox 373 1000 480 1060; x_wconf 90' lang='lat' dir='ltr'>tamen</span> <span class='ocrx_word' id='word_1_45' title='bbox 503 995 597 1062; x_wconf 86' lang='lat' dir='ltr'>affert</span> <span class='ocrx_word' id='word_1_46' title='bbox 624 997 778 1075; x_wconf 85' lang='lat' dir='ltr'>rationes,</span> <span class='ocrx_word' id='word_1_47' title='bbox 807 997 1041 1081; x_wconf 89' lang='lat' dir='ltr'>quam-quibus</span> <span class='ocrx_word' id='word_1_48' title='bbox 1064 997 1175 1062; x_wconf 91' lang='lat' dir='ltr'>adver-</span> 
     </span>
     <span class='ocr_line' id='line_1_8' title="bbox 55 1095 1177 1181; baseline 0.004 -22"><span class='ocrx_word' id='word_1_49' title='bbox 55 1095 151 1161; x_wconf 85' lang='lat' dir='ltr'>sariis</span> <span class='ocrx_word' id='word_1_50' title='bbox 179 1095 371 1180; x_wconf 86' lang='lat' dir='ltr'>persuadere</span> <span class='ocrx_word' id='word_1_51' title='bbox 396 1098 506 1181; x_wconf 89' lang='lat' dir='ltr'>possit.</span> <span class='ocrx_word' id='word_1_52' title='bbox 550 1097 599 1162; x_wconf 86' lang='lat' dir='ltr'>Ex</span> <span class='ocrx_word' id='word_1_53' title='bbox 620 1099 798 1165; x_wconf 85' lang='lat' dir='ltr'>Aristotelis</span> <span class='ocrx_word' id='word_1_54' title='bbox 826 1099 909 1165; x_wconf 91' lang='lat' dir='ltr'>enim</span> <span class='ocrx_word' id='word_1_55' title='bbox 934 1098 1054 1176; x_wconf 89' lang='lat' dir='ltr'>verbis,</span> <span class='ocrx_word' id='word_1_56' title='bbox 1082 1104 1177 1163; x_wconf 89' lang='lat' dir='ltr'>antea</span> 
     </span>
     <span class='ocr_line' id='line_1_9' title="bbox 54 1196 1177 1290; baseline 0.003 -28"><span class='ocrx_word' id='word_1_57' title='bbox 54 1197 159 1263; x_wconf 84' lang='lat' dir='ltr'>citata</span> <span class='ocrx_word' id='word_1_58' title='bbox 181 1199 384 1282; x_wconf 85' lang='lat' dir='ltr'>sequentibus</span> <span class='ocrx_word' id='word_1_59' title='bbox 394 1203 421 1276; x_wconf 88' lang='lat'>¹)</span> <span class='ocrx_word' id='word_1_60' title='bbox 456 1196 554 1265; x_wconf 62' lang='grc' dir='ltr'>οαλλὰ</span> <span class='ocrx_word' id='word_1_61' title='bbox 574 1208 697 1290; x_wconf 82' lang='grc' dir='ltr'><strong><em>μηχανῇ</em></strong></span> <span class='ocrx_word' id='word_1_62' title='bbox 716 1206 869 1290; x_wconf 81' lang='grc' dir='ltr'><strong><em>χρηστέον</em></strong></span> <span class='ocrx_word' id='word_1_63' title='bbox 891 1199 947 1268; x_wconf 73' lang='grc' dir='ltr'>ἐπὶ</span> <span class='ocrx_word' id='word_1_64' title='bbox 975 1198 1017 1266; x_wconf 84' lang='grc' dir='ltr'>τὰ</span> <span class='ocrx_word' id='word_1_65' title='bbox 1039 1199 1098 1280; x_wconf 74' lang='grc' dir='ltr'><strong><em>’ἔξω</em></strong></span> <span class='ocrx_word' id='word_1_66' title='bbox 1120 1208 1177 1266; x_wconf 82' lang='grc' dir='ltr'>τοῦ</span> 
     </span>
     <span class='ocr_line' id='line_1_10' title="bbox 55 1297 1177 1390; baseline 0.001 -22"><span class='ocrx_word' id='word_1_67' title='bbox 55 1299 227 1388; x_wconf 79' lang='grc' dir='ltr'><strong><em>ὁράματος</em></strong></span> <span class='ocrx_word' id='word_1_68' title='bbox 254 1297 276 1390; x_wconf 78' lang='grc' dir='ltr'><em>ἢ</em></span> <span class='ocrx_word' id='word_1_69' title='bbox 305 1297 367 1367; x_wconf 84' lang='grc' dir='ltr'>ὅσα</span> <span class='ocrx_word' id='word_1_70' title='bbox 394 1300 459 1389; x_wconf 79' lang='grc' dir='ltr'>πρὸ</span> <span class='ocrx_word' id='word_1_71' title='bbox 481 1308 538 1369; x_wconf 82' lang='grc' dir='ltr'>τοῦ</span> <span class='ocrx_word' id='word_1_72' title='bbox 565 1308 700 1389; x_wconf 80' lang='grc' dir='ltr'><strong><em>γέγονεν,</em></strong></span> <span class='ocrx_word' id='word_1_73' title='bbox 724 1299 742 1370; x_wconf 80' lang='grc' dir='ltr'><em>ὃ</em></span> <span class='ocrx_word' id='word_1_74' title='bbox 765 1301 822 1387; x_wconf 79' lang='grc' dir='ltr'>οὐχ</span> <span class='ocrx_word' id='word_1_75' title='bbox 839 1301 907 1371; x_wconf 74' lang='grc' dir='ltr'><strong><em>οἷόν</em></strong></span> <span class='ocrx_word' id='word_1_76' title='bbox 933 1329 968 1370; x_wconf 85' lang='grc' dir='ltr'>τε</span> <span class='ocrx_word' id='word_1_77' title='bbox 1000 1301 1177 1390; x_wconf 64' lang='grc' dir='ltr'><strong><em>ἄνθρωπον</em></strong></span> 
     </span>
     <span class='ocr_line' id='line_1_11' title="bbox 54 1397 1178 1494; baseline -0.001 -23"><span class='ocrx_word' id='word_1_78' title='bbox 54 1404 179 1472; x_wconf 76' lang='grc' dir='ltr'><strong><em>εἰδέναι</em></strong></span> <span class='ocrx_word' id='word_1_79' title='bbox 193 1399 215 1492; x_wconf 79' lang='grc' dir='ltr'>ἢ</span> <span class='ocrx_word' id='word_1_80' title='bbox 229 1397 290 1469; x_wconf 77' lang='grc' dir='ltr'>ὅσα</span> <span class='ocrx_word' id='word_1_81' title='bbox 303 1401 445 1489; x_wconf 72' lang='grc' dir='ltr'><strong><em>ὕστερον,</em></strong></span> <span class='ocrx_word' id='word_1_82' title='bbox 463 1399 484 1468; x_wconf 78' lang='grc' dir='ltr'><em>ἃ</em></span> <span class='ocrx_word' id='word_1_83' title='bbox 499 1405 603 1470; x_wconf 76' lang='grc' dir='ltr'><strong><em>δεῖται</em></strong></span> <span class='ocrx_word' id='word_1_84' title='bbox 617 1405 882 1494; x_wconf 75' lang='grc' dir='ltr'><strong><em>προαγορεύσεως</em></strong></span> <span class='ocrx_word' id='word_1_85' title='bbox 895 1408 950 1472; x_wconf 80' lang='grc' dir='ltr'>καὶ</span> <span class='ocrx_word' id='word_1_86' title='bbox 965 1402 1120 1490; x_wconf 76' lang='grc' dir='ltr'><strong><em>ἀχχελίας’</em></strong></span> <span class='ocrx_word' id='word_1_87' title='bbox 1135 1443 1178 1450; x_wconf 88' lang='grc'><strong>-</strong></span> 
     </span>
     <span class='ocr_line' id='line_1_12' title="bbox 56 1501 1179 1592; baseline -0.001 -20"><span class='ocrx_word' id='word_1_88' title='bbox 56 1506 279 1572; x_wconf 88' lang='lat' dir='ltr'>demonstrare</span> <span class='ocrx_word' id='word_1_89' title='bbox 302 1511 436 1570; x_wconf 87' lang='lat' dir='ltr'>conatur</span> <span class='ocrx_word' id='word_1_90' title='bbox 453 1501 542 1570; x_wconf 86' lang='lat' dir='ltr'>‘siin</span> <span class='ocrx_word' id='word_1_91' title='bbox 559 1529 597 1572; x_wconf 90' lang='lat' dir='ltr'>ea</span> <span class='ocrx_word' id='word_1_92' title='bbox 612 1529 709 1592; x_wconf 89' lang='lat' dir='ltr'>quam</span> <span class='ocrx_word' id='word_1_93' title='bbox 729 1507 848 1591; x_wconf 84' lang='lat' dir='ltr'>legeret</span> <span class='ocrx_word' id='word_1_94' title='bbox 865 1508 1048 1573; x_wconf 84' lang='lat' dir='ltr'>Aristoteles</span> <span class='ocrx_word' id='word_1_95' title='bbox 1069 1506 1179 1572; x_wconf 87' lang='lat' dir='ltr'>fabula</span> 
     </span>
     <span class='ocr_line' id='line_1_13' title="bbox 57 1608 1178 1694; baseline 0 -22"><span class='ocrx_word' id='word_1_96' title='bbox 57 1608 176 1674; x_wconf 90' lang='lat' dir='ltr'>lunoni</span> <span class='ocrx_word' id='word_1_97' title='bbox 197 1608 258 1673; x_wconf 87' lang='lat' dir='ltr'>hae</span> <span class='ocrx_word' id='word_1_98' title='bbox 286 1613 393 1692; x_wconf 87' lang='lat' dir='ltr'>partes</span> <span class='ocrx_word' id='word_1_99' title='bbox 415 1608 554 1674; x_wconf 88' lang='lat' dir='ltr'>tributae</span> <span class='ocrx_word' id='word_1_100' title='bbox 581 1609 731 1687; x_wconf 83' lang='lat' dir='ltr'>fuissent,</span> <span class='ocrx_word' id='word_1_101' title='bbox 756 1616 868 1688; x_wconf 89' lang='lat' dir='ltr'>ntea,</span> <span class='ocrx_word' id='word_1_102' title='bbox 898 1631 980 1694; x_wconf 90' lang='lat' dir='ltr'>quae</span> <span class='ocrx_word' id='word_1_103' title='bbox 1001 1609 1108 1674; x_wconf 88' lang='lat' dir='ltr'>Iasoni</span> <span class='ocrx_word' id='word_1_104' title='bbox 1128 1610 1178 1673; x_wconf 91' lang='lat' dir='ltr'>in-</span> 
     </span>
     <span class='ocr_line' id='line_1_14' title="bbox 56 1711 1177 1796; baseline -0.001 -20"><span class='ocrx_word' id='word_1_105' title='bbox 56 1716 184 1776; x_wconf 82' lang='lat' dir='ltr'>starent</span> <span class='ocrx_word' id='word_1_106' title='bbox 205 1711 439 1786; x_wconf 86' lang='lat' dir='ltr'>vaticinaretur,</span> <span class='ocrx_word' id='word_1_107' title='bbox 461 1711 581 1776; x_wconf 89' lang='lat' dir='ltr'>nullam</span> <span class='ocrx_word' id='word_1_108' title='bbox 601 1711 742 1777; x_wconf 83' lang='lat' dir='ltr'>futuram</span> <span class='ocrx_word' id='word_1_109' title='bbox 755 1712 851 1777; x_wconf 90' lang='lat' dir='ltr'>fuisse</span> <span class='ocrx_word' id='word_1_110' title='bbox 866 1733 995 1778; x_wconf 86' lang='lat' dir='ltr'>cansam</span> <span class='ocrx_word' id='word_1_111' title='bbox 1009 1711 1177 1796; x_wconf 88' lang='lat' dir='ltr'>reprehen-</span> 
     </span>
     <span class='ocr_line' id='line_1_15' title="bbox 55 1811 1179 1898; baseline -0.002 -19"><span class='ocrx_word' id='word_1_112' title='bbox 55 1814 174 1892; x_wconf 82' lang='lat' dir='ltr'>sionis3</span> <span class='ocrx_word' id='word_1_113' title='bbox 201 1812 278 1877; x_wconf 88' lang='lat' dir='ltr'>deae</span> <span class='ocrx_word' id='word_1_114' title='bbox 306 1813 387 1877; x_wconf 91' lang='lat' dir='ltr'>enim</span> <span class='ocrx_word' id='word_1_115' title='bbox 416 1814 580 1897; x_wconf 83' lang='lat' dir='ltr'>assignari¹</span> <span class='ocrx_word' id='word_1_116' title='bbox 602 1835 684 1898; x_wconf 93' lang='lat' dir='ltr'>quae</span> <span class='ocrx_word' id='word_1_117' title='bbox 713 1814 914 1880; x_wconf 90' lang='lat' dir='ltr'>convenirent</span> <span class='ocrx_word' id='word_1_118' title='bbox 936 1811 1030 1880; x_wconf 83' lang='lat' dir='ltr'>deae&#39;.</span> <span class='ocrx_word' id='word_1_119' title='bbox 1075 1813 1179 1896; x_wconf 88' lang='lat' dir='ltr'>Atque</span> 
     </span>
     <span class='ocr_line' id='line_1_16' title="bbox 54 1915 1179 2000; baseline -0.003 -19"><span class='ocrx_word' id='word_1_120' title='bbox 54 1917 136 1981; x_wconf 88' lang='lat' dir='ltr'>haec</span> <span class='ocrx_word' id='word_1_121' title='bbox 166 1916 338 1990; x_wconf 87' lang='lat' dir='ltr'>sententia,</span> <span class='ocrx_word' id='word_1_122' title='bbox 376 1937 489 1998; x_wconf 90' lang='lat' dir='ltr'>qnam,</span> <span class='ocrx_word' id='word_1_123' title='bbox 531 1922 686 1999; x_wconf 91' lang='lat' dir='ltr'>quantum</span> <span class='ocrx_word' id='word_1_124' title='bbox 721 1917 850 2000; x_wconf 91' lang='lat' dir='ltr'>probari</span> <span class='ocrx_word' id='word_1_125' title='bbox 880 1921 1034 2000; x_wconf 84' lang='lat' dir='ltr'>nequeat,</span> <span class='ocrx_word' id='word_1_126' title='bbox 1070 1915 1179 1980; x_wconf 89' lang='lat' dir='ltr'>statim</span> 
     </span>
     <span class='ocr_line' id='line_1_17' title="bbox 55 2018 1178 2103; baseline 0 -21"><span class='ocrx_word' id='word_1_127' title='bbox 55 2036 294 2101; x_wconf 85' lang='lat' dir='ltr'>cognoscemus,</span> <span class='ocrx_word' id='word_1_128' title='bbox 309 2037 346 2082; x_wconf 94' lang='lat' dir='ltr'>eo</span> <span class='ocrx_word' id='word_1_129' title='bbox 360 2018 424 2084; x_wconf 86' lang='lat' dir='ltr'>lere</span> <span class='ocrx_word' id='word_1_130' title='bbox 438 2019 583 2096; x_wconf 85' lang='lat' dir='ltr'>recurrit,</span> <span class='ocrx_word' id='word_1_131' title='bbox 598 2040 660 2102; x_wconf 91' lang='lat' dir='ltr'>qno</span> <span class='ocrx_word' id='word_1_132' title='bbox 675 2018 816 2103; x_wconf 88' lang='lat' dir='ltr'>Wolperi</span> <span class='ocrx_word' id='word_1_133' title='bbox 830 2018 932 2083; x_wconf 89' lang='lat' dir='ltr'>tendit</span> <span class='ocrx_word' id='word_1_134' title='bbox 945 2018 1178 2094; x_wconf 66' lang='lat' dir='ltr'>iudicium),-</span> 
     </span>
     <span class='ocr_line' id='line_1_18' title="bbox 56 2118 1179 2205; baseline -0.002 -21"><span class='ocrx_word' id='word_1_135' title='bbox 56 2120 116 2203; x_wconf 93' lang='lat' dir='ltr'>qui</span> <span class='ocrx_word' id='word_1_136' title='bbox 136 2140 210 2204; x_wconf 85' lang='lat' dir='ltr'>pag.</span> <span class='ocrx_word' id='word_1_137' title='bbox 226 2119 268 2184; x_wconf 85' lang='lat'>43</span> <span class='ocrx_word' id='word_1_138' title='bbox 290 2119 419 2186; x_wconf 85' lang='lat' dir='ltr'>Medeae</span> <span class='ocrx_word' id='word_1_139' title='bbox 439 2141 617 2205; x_wconf 89' lang='lat' dir='ltr'>personam,</span> <span class='ocrx_word' id='word_1_140' title='bbox 638 2121 710 2185; x_wconf 90' lang='lat' dir='ltr'>licet</span> <span class='ocrx_word' id='word_1_141' title='bbox 732 2141 853 2198; x_wconf 86' lang='lat' dir='ltr'>currus,</span> <span class='ocrx_word' id='word_1_142' title='bbox 877 2142 940 2204; x_wconf 90' lang='lat' dir='ltr'>quo</span> <span class='ocrx_word' id='word_1_143' title='bbox 956 2118 1067 2184; x_wconf 90' lang='lat' dir='ltr'>Medea</span> <span class='ocrx_word' id='word_1_144' title='bbox 1088 2127 1179 2184; x_wconf 89' lang='lat' dir='ltr'>vecta</span> 
     </span>
     <span class='ocr_line' id='line_1_19' title="bbox 56 2221 1178 2305; baseline -0.001 -20"><span class='ocrx_word' id='word_1_145' title='bbox 56 2222 202 2287; x_wconf 87' lang='lat' dir='ltr'>Athenas</span> <span class='ocrx_word' id='word_1_146' title='bbox 225 2221 399 2305; x_wconf 77' lang='lat' dir='ltr'>aufiigerit,</span> <span class='ocrx_word' id='word_1_147' title='bbox 426 2223 579 2288; x_wconf 89' lang='lat' dir='ltr'>machinis</span> <span class='ocrx_word' id='word_1_148' title='bbox 602 2221 805 2288; x_wconf 88' lang='lat' dir='ltr'>adducendus</span> <span class='ocrx_word' id='word_1_149' title='bbox 827 2229 923 2300; x_wconf 90' lang='lat' dir='ltr'>esset,</span> <span class='ocrx_word' id='word_1_150' title='bbox 951 2227 1058 2286; x_wconf 86' lang='lat' dir='ltr'>tamen</span> <span class='ocrx_word' id='word_1_151' title='bbox 1079 2241 1178 2305; x_wconf 87' lang='lat' dir='ltr'>prope</span> 
     </span>
     <span class='ocr_line' id='line_1_20' title="bbox 57 2321 1178 2410; baseline -0.003 -20"><span class='ocrx_word' id='word_1_152' title='bbox 57 2329 204 2409; x_wconf 88' lang='lat' dir='ltr'>spectare</span> <span class='ocrx_word' id='word_1_153' title='bbox 219 2330 251 2388; x_wconf 86' lang='lat' dir='ltr'>et</span> <span class='ocrx_word' id='word_1_154' title='bbox 266 2322 300 2403; x_wconf 79' lang='grc' dir='ltr'>ἐξ</span> <span class='ocrx_word' id='word_1_155' title='bbox 319 2321 416 2390; x_wconf 78' lang='grc' dir='ltr'><strong><em>αὐτοῦ</em></strong></span> <span class='ocrx_word' id='word_1_156' title='bbox 431 2331 488 2390; x_wconf 76' lang='lat' dir='ltr'>voi</span> <span class='ocrx_word' id='word_1_157' title='bbox 502 2323 613 2406; x_wconf 73' lang='grc' dir='ltr'><strong><em>μύθου</em></strong></span> <span class='ocrx_word' id='word_1_158' title='bbox 628 2330 825 2410; x_wconf 79' lang='grc' dir='ltr'><em>συμβαίνειν,</em></span> <span class='ocrx_word' id='word_1_159' title='bbox 840 2345 941 2409; x_wconf 90' lang='lat' dir='ltr'>neque</span> <span class='ocrx_word' id='word_1_160' title='bbox 954 2324 1014 2404; x_wconf 80' lang='grc' dir='ltr'><em>’ἐξω</em></span> <span class='ocrx_word' id='word_1_161' title='bbox 1029 2331 1086 2390; x_wconf 80' lang='grc' dir='ltr'>τοῦ</span> <span class='ocrx_word' id='word_1_162' title='bbox 1101 2321 1178 2410; x_wconf 81' lang='grc' dir='ltr'><em>δρά-</em></span> 
     </span>
     <span class='ocr_line' id='line_1_21' title="bbox 56 2425 1179 2512; baseline -0.002 -21"><span class='ocrx_word' id='word_1_163' title='bbox 56 2452 164 2512; x_wconf 82' lang='grc' dir='ltr'><strong><em>ματος</em></strong></span> <span class='ocrx_word' id='word_1_164' title='bbox 178 2448 246 2492; x_wconf 90' lang='lat' dir='ltr'>esse</span> <span class='ocrx_word' id='word_1_165' title='bbox 261 2426 345 2492; x_wconf 87' lang='lat' dir='ltr'>dicit.</span> <span class='ocrx_word' id='word_1_166' title='bbox 377 2427 448 2505; x_wconf 80' lang='lat' dir='ltr'>Qua</span> <span class='ocrx_word' id='word_1_167' title='bbox 460 2427 494 2491; x_wconf 93' lang='lat' dir='ltr'>in</span> <span class='ocrx_word' id='word_1_168' title='bbox 508 2447 543 2490; x_wconf 94' lang='lat' dir='ltr'>re</span> <span class='ocrx_word' id='word_1_169' title='bbox 557 2432 678 2510; x_wconf 88' lang='lat' dir='ltr'>quanto</span> <span class='ocrx_word' id='word_1_170' title='bbox 694 2449 800 2493; x_wconf 92' lang='lat' dir='ltr'>errore</span> <span class='ocrx_word' id='word_1_171' title='bbox 816 2428 857 2492; x_wconf 92' lang='lat' dir='ltr'>sit</span> <span class='ocrx_word' id='word_1_172' title='bbox 872 2427 985 2492; x_wconf 91' lang='lat' dir='ltr'>ductus</span> <span class='ocrx_word' id='word_1_173' title='bbox 1002 2425 1179 2509; x_wconf 73' lang='lat' dir='ltr'>Wolperus</span> 
     </span>
     <span class='ocr_line' id='line_1_22' title="bbox 56 2523 1179 2613; baseline -0.003 -19"><span class='ocrx_word' id='word_1_174' title='bbox 56 2529 262 2594; x_wconf 86' lang='lat' dir='ltr'>Hermannus</span> <span class='ocrx_word' id='word_1_175' title='bbox 284 2530 490 2606; x_wconf 85' lang='lat' dir='ltr'>monstravit,</span> <span class='ocrx_word' id='word_1_176' title='bbox 520 2529 575 2612; x_wconf 90' lang='lat' dir='ltr'>qui</span> <span class='ocrx_word' id='word_1_177' title='bbox 595 2523 731 2611; x_wconf 55' lang='lat' dir='ltr'>‘paidom</span> <span class='ocrx_word' id='word_1_178' title='bbox 762 2549 856 2613; x_wconf 90' lang='lat' dir='ltr'>quem</span> <span class='ocrx_word' id='word_1_179' title='bbox 877 2529 1061 2594; x_wconf 84' lang='lat' dir='ltr'>Aristoteles</span> <span class='ocrx_word' id='word_1_180' title='bbox 1084 2527 1179 2604; x_wconf 89' lang='lat' dir='ltr'>dicat,</span> 
     </span>
     <span class='ocr_line' id='line_1_23' title="bbox 58 2630 1178 2716; baseline -0.004 -19"><span class='ocrx_word' id='word_1_181' title='bbox 58 2634 220 2698; x_wconf 86' lang='lat' dir='ltr'>actionem</span> <span class='ocrx_word' id='word_1_182' title='bbox 241 2631 407 2715; x_wconf 91' lang='lat' dir='ltr'>complecti</span> <span class='ocrx_word' id='word_1_183' title='bbox 436 2630 573 2708; x_wconf 88' lang='lat' dir='ltr'>indicat,</span> <span class='ocrx_word' id='word_1_184' title='bbox 598 2652 695 2714; x_wconf 89' lang='lat' dir='ltr'>quam</span> <span class='ocrx_word' id='word_1_185' title='bbox 717 2635 812 2715; x_wconf 69' lang='lat' dir='ltr'>polita</span> <span class='ocrx_word' id='word_1_186' title='bbox 833 2630 1061 2716; x_wconf 90' lang='lat' dir='ltr'>composuerit,</span> <span class='ocrx_word' id='word_1_187' title='bbox 1090 2630 1178 2693; x_wconf 90' lang='lat' dir='ltr'>ouius</span> 
     </span>
     <span class='ocr_line' id='line_1_24' title="bbox 59 2734 1179 2818; baseline -0.006 -18"><span class='ocrx_word' id='word_1_188' title='bbox 59 2735 205 2818; x_wconf 85' lang='lat' dir='ltr'>singulae</span> <span class='ocrx_word' id='word_1_189' title='bbox 232 2738 341 2818; x_wconf 89' lang='lat' dir='ltr'>partes</span> <span class='ocrx_word' id='word_1_190' title='bbox 370 2738 454 2798; x_wconf 87' lang='lat' dir='ltr'>recte</span> <span class='ocrx_word' id='word_1_191' title='bbox 483 2738 619 2817; x_wconf 89' lang='lat' dir='ltr'>apteque</span> <span class='ocrx_word' id='word_1_192' title='bbox 652 2734 818 2798; x_wconf 89' lang='lat' dir='ltr'>cohaerere</span> <span class='ocrx_word' id='word_1_193' title='bbox 845 2734 989 2816; x_wconf 88' lang='lat' dir='ltr'>interque</span> <span class='ocrx_word' id='word_1_194' title='bbox 1018 2753 1051 2795; x_wconf 88' lang='lat' dir='ltr'>se</span> <span class='ocrx_word' id='word_1_195' title='bbox 1080 2750 1179 2795; x_wconf 88' lang='lat' dir='ltr'>nexae</span> 
     </span>
     <span class='ocr_line' id='line_1_25' title="bbox 59 2833 1178 2909; baseline -0.006 -7"><span class='ocrx_word' id='word_1_196' title='bbox 59 2858 130 2902; x_wconf 88' lang='lat' dir='ltr'>esse</span> <span class='ocrx_word' id='word_1_197' title='bbox 156 2835 299 2900; x_wconf 89' lang='lat' dir='ltr'>debeant.</span> <span class='ocrx_word' id='word_1_198' title='bbox 345 2834 480 2900; x_wconf 83' lang='lat' dir='ltr'>Currum</span> <span class='ocrx_word' id='word_1_199' title='bbox 509 2841 615 2900; x_wconf 91' lang='lat' dir='ltr'>autem</span> <span class='ocrx_word' id='word_1_200' title='bbox 648 2835 725 2899; x_wconf 91' lang='lat' dir='ltr'>nihil</span> <span class='ocrx_word' id='word_1_201' title='bbox 755 2856 823 2900; x_wconf 90' lang='lat' dir='ltr'>esse</span> <span class='ocrx_word' id='word_1_202' title='bbox 857 2835 917 2899; x_wconf 90' lang='lat' dir='ltr'>nisi</span> <span class='ocrx_word' id='word_1_203' title='bbox 945 2833 1178 2909; x_wconf 88' lang='lat' dir='ltr'>adminiculum,</span> 
     </span>
     <span class='ocr_line' id='line_1_26' title="bbox 58 2934 1178 3022; baseline -0.005 -18"><span class='ocrx_word' id='word_1_204' title='bbox 58 2938 103 3004; x_wconf 90' lang='lat' dir='ltr'>ad</span> <span class='ocrx_word' id='word_1_205' title='bbox 125 2937 210 3021; x_wconf 89' lang='lat' dir='ltr'>quod</span> <span class='ocrx_word' id='word_1_206' title='bbox 240 2941 336 3022; x_wconf 67' lang='lat' dir='ltr'>poelta</span> <span class='ocrx_word' id='word_1_207' title='bbox 358 2937 550 3020; x_wconf 83' lang='lat' dir='ltr'>confugerit,</span> <span class='ocrx_word' id='word_1_208' title='bbox 579 2958 650 3001; x_wconf 85' lang='lat' dir='ltr'>cum</span> <span class='ocrx_word' id='word_1_209' title='bbox 681 2937 772 3002; x_wconf 90' lang='lat' dir='ltr'>aliter</span> <span class='ocrx_word' id='word_1_210' title='bbox 799 2937 939 3020; x_wconf 84' lang='lat' dir='ltr'>periculo</span> <span class='ocrx_word' id='word_1_211' title='bbox 969 2936 1087 3019; x_wconf 91' lang='lat' dir='ltr'>eripere</span> <span class='ocrx_word' id='word_1_212' title='bbox 1111 2934 1178 2998; x_wconf 93' lang='lat' dir='ltr'>Me-</span> 
     </span>
     <span class='ocr_line' id='line_1_27' title="bbox 59 3035 1179 3123; baseline -0.004 -18"><span class='ocrx_word' id='word_1_213' title='bbox 59 3040 155 3105; x_wconf 89' lang='lat' dir='ltr'>deam</span> <span class='ocrx_word' id='word_1_214' title='bbox 176 3036 331 3105; x_wconf 84' lang='lat' dir='ltr'>nesoiret³.</span> <span class='ocrx_word' id='word_1_215' title='bbox 371 3039 464 3116; x_wconf 81' lang='lat' dir='ltr'>Quod</span> <span class='ocrx_word' id='word_1_216' title='bbox 484 3044 680 3123; x_wconf 92' lang='lat' dir='ltr'>postremum</span> <span class='ocrx_word' id='word_1_217' title='bbox 702 3037 843 3115; x_wconf 85' lang='lat' dir='ltr'>affertur,</span> <span class='ocrx_word' id='word_1_218' title='bbox 864 3035 1008 3101; x_wconf 91' lang='lat' dir='ltr'>Medeam</span> <span class='ocrx_word' id='word_1_219' title='bbox 1022 3057 1179 3120; x_wconf 87' lang='lat' dir='ltr'>nusquam</span> 
     </span>
     <span class='ocr_line' id='line_1_28' title="bbox 59 3137 1180 3224; baseline -0.004 -17"><span class='ocrx_word' id='word_1_220' title='bbox 59 3162 131 3207; x_wconf 89' lang='lat' dir='ltr'>esse</span> <span class='ocrx_word' id='word_1_221' title='bbox 153 3141 313 3206; x_wconf 90' lang='lat' dir='ltr'>inventam</span> <span class='ocrx_word' id='word_1_222' title='bbox 334 3141 512 3217; x_wconf 84' lang='lat' dir='ltr'>fatidicam,</span> <span class='ocrx_word' id='word_1_223' title='bbox 542 3161 599 3205; x_wconf 93' lang='lat' dir='ltr'>nec</span> <span class='ocrx_word' id='word_1_224' title='bbox 627 3161 684 3224; x_wconf 88' lang='lat' dir='ltr'>per</span> <span class='ocrx_word' id='word_1_225' title='bbox 712 3161 745 3204; x_wconf 89' lang='lat' dir='ltr'>se</span> <span class='ocrx_word' id='word_1_226' title='bbox 772 3138 928 3204; x_wconf 89' lang='lat' dir='ltr'>offendere</span> <span class='ocrx_word' id='word_1_227' title='bbox 956 3145 1074 3224; x_wconf 90' lang='lat' dir='ltr'>potest,</span> <span class='ocrx_word' id='word_1_228' title='bbox 1096 3137 1180 3204; x_wconf 79' lang='lat' dir='ltr'>‘cum</span> 
     </span>
     <span class='ocr_line' id='line_1_29' title="bbox 59 3240 1179 3328; baseline -0.004 -18"><span class='ocrx_word' id='word_1_229' title='bbox 59 3250 93 3310; x_wconf 89' lang='lat' dir='ltr'>et</span> <span class='ocrx_word' id='word_1_230' title='bbox 124 3243 200 3308; x_wconf 91' lang='lat' dir='ltr'>alibi</span> <span class='ocrx_word' id='word_1_231' title='bbox 225 3264 331 3309; x_wconf 93' lang='lat' dir='ltr'>rernm</span> <span class='ocrx_word' id='word_1_232' title='bbox 360 3243 539 3308; x_wconf 87' lang='lat' dir='ltr'>futurarum</span> <span class='ocrx_word' id='word_1_233' title='bbox 564 3240 650 3306; x_wconf 89' lang='lat' dir='ltr'>haud</span> <span class='ocrx_word' id='word_1_234' title='bbox 675 3242 810 3325; x_wconf 89' lang='lat' dir='ltr'>praescii</span> <span class='ocrx_word' id='word_1_235' title='bbox 842 3241 1049 3328; x_wconf 83' lang='lat' dir='ltr'>vaticinantes</span> <span class='ocrx_word' id='word_1_236' title='bbox 1077 3242 1179 3306; x_wconf 91' lang='lat' dir='ltr'>intro-</span> 
     </span>
     <span class='ocr_line' id='line_1_30' title="bbox 60 3341 1179 3427; baseline -0.004 -17"><span class='ocrx_word' id='word_1_237' title='bbox 60 3344 231 3411; x_wconf 87' lang='lat' dir='ltr'>ducantur&#39;</span> <span class='ocrx_word' id='word_1_238' title='bbox 253 3365 311 3410; x_wconf 90' lang='lat' dir='ltr'>neo</span> <span class='ocrx_word' id='word_1_239' title='bbox 332 3365 441 3410; x_wconf 91' lang='lat' dir='ltr'>verum</span> <span class='ocrx_word' id='word_1_240' title='bbox 463 3349 527 3421; x_wconf 86' lang='lat' dir='ltr'>est,</span> <span class='ocrx_word' id='word_1_241' title='bbox 557 3365 628 3408; x_wconf 90' lang='lat' dir='ltr'>oum</span> <span class='ocrx_word' id='word_1_242' title='bbox 655 3344 751 3408; x_wconf 86' lang='lat' dir='ltr'>etiam</span> <span class='ocrx_word' id='word_1_243' title='bbox 773 3342 858 3427; x_wconf 91' lang='lat' dir='ltr'>apud</span> <span class='ocrx_word' id='word_1_244' title='bbox 880 3343 1053 3407; x_wconf 89' lang='lat' dir='ltr'>Pindarum</span> <span class='ocrx_word' id='word_1_245' title='bbox 1061 3341 1090 3426; x_wconf 81' lang='lat'>⁸)</span> <span class='ocrx_word' id='word_1_246' title='bbox 1112 3341 1179 3406; x_wconf 94' lang='lat' dir='ltr'>Me-</span> 
     </span>
     <span class='ocr_line' id='line_1_31' title="bbox 61 3441 1181 3536; baseline -0.005 -23"><span class='ocrx_word' id='word_1_247' title='bbox 61 3449 124 3514; x_wconf 86' lang='lat' dir='ltr'>dea</span> <span class='ocrx_word' id='word_1_248' title='bbox 153 3445 288 3536; x_wconf 81' lang='grc' dir='ltr'><strong><em>ζαμενὴς</em></strong></span> <span class='ocrx_word' id='word_1_249' title='bbox 316 3459 397 3525; x_wconf 78' lang='grc' dir='ltr'><strong><em>παῖς</em></strong></span> <span class='ocrx_word' id='word_1_250' title='bbox 424 3443 531 3533; x_wconf 80' lang='grc' dir='ltr'><em>Αἰήτα</em></span> <span class='ocrx_word' id='word_1_251' title='bbox 551 3481 593 3492; x_wconf 83' lang='grc'><strong>-</strong></span> <span class='ocrx_word' id='word_1_252' title='bbox 624 3445 780 3512; x_wconf 80' lang='grc' dir='ltr'><strong><em>δέσποινα</em></strong></span> <span class='ocrx_word' id='word_1_253' title='bbox 808 3443 955 3526; x_wconf 78' lang='grc' dir='ltr'><strong><em>Κόλχων,</em></strong></span> <span class='ocrx_word' id='word_1_254' title='bbox 989 3441 1181 3528; x_wconf 83' lang='lat' dir='ltr'>Cyrenarum</span> 
     </span>
     <span class='ocr_line' id='line_1_32' title="bbox 62 3540 698 3633; baseline -0.005 -18"><span class='ocrx_word' id='word_1_255' title='bbox 62 3549 200 3633; x_wconf 84' lang='lat' dir='ltr'>origines</span> <span class='ocrx_word' id='word_1_256' title='bbox 222 3549 423 3614; x_wconf 84' lang='lat' dir='ltr'>vaticinetur:</span> <span class='ocrx_word' id='word_1_257' title='bbox 445 3542 517 3613; x_wconf 75' lang='lat' dir='ltr'>elne</span> <span class='ocrx_word' id='word_1_258' title='bbox 539 3545 574 3612; x_wconf 78' lang='grc' dir='ltr'>δὲ</span> <span class='ocrx_word' id='word_1_259' title='bbox 597 3540 698 3625; x_wconf 71' lang='grc' dir='ltr'><strong><em>οὕτως</em></strong></span> 
     </span>
    </p>
   </div>
   <div class='ocr_carea' id='block_1_4' title="bbox 63 3647 1182 3820">
    <p class='ocr_par' dir='ltr' id='par_1_4' title="bbox 63 3647 1182 3820">
     <span class='ocr_line' id='line_1_33' title="bbox 217 3647 1042 3740; baseline -0.012 -21"><span class='ocrx_word' id='word_1_260' title='bbox 217 3648 407 3740; x_wconf 72' lang='grc' dir='ltr'><strong><em>ἡμιθέοισιν</em></strong></span> <span class='ocrx_word' id='word_1_261' title='bbox 426 3647 563 3726; x_wconf 81' lang='grc' dir='ltr'><strong><em>Ἰάσονος</em></strong></span> <span class='ocrx_word' id='word_1_262' title='bbox 585 3648 744 3731; x_wconf 83' lang='grc' dir='ltr'><strong><em>αἰχματᾶο</em></strong></span> <span class='ocrx_word' id='word_1_263' title='bbox 767 3647 899 3727; x_wconf 81' lang='grc' dir='ltr'><strong><em>ναύταις</em></strong></span> <span class='ocrx_word' id='word_1_264' title='bbox 915 3672 942 3712; x_wconf 88' lang='grc' dir='ltr'>κ.</span> <span class='ocrx_word' id='word_1_265' title='bbox 965 3671 993 3711; x_wconf 80' lang='grc' dir='ltr'>τ.</span> <span class='ocrx_word' id='word_1_266' title='bbox 1016 3647 1042 3710; x_wconf 80' lang='grc' dir='ltr'>λ.</span> 
     </span>
     <span class='ocr_line' id='line_1_34' title="bbox 63 3747 1182 3820; baseline -0.008 -1"><span class='ocrx_word' id='word_1_267' title='bbox 63 3753 111 3819; x_wconf 81' lang='lat' dir='ltr'>cf.</span> <span class='ocrx_word' id='word_1_268' title='bbox 141 3753 301 3820; x_wconf 87' lang='lat' dir='ltr'>Wecklein</span> <span class='ocrx_word' id='word_1_269' title='bbox 329 3752 371 3819; x_wconf 91' lang='lat' dir='ltr'>ad</span> <span class='ocrx_word' id='word_1_270' title='bbox 401 3773 443 3817; x_wconf 91' lang='lat' dir='ltr'>vs.</span> <span class='ocrx_word' id='word_1_271' title='bbox 478 3749 568 3816; x_wconf 87' lang='grc'><strong>1386.</strong></span> <span class='ocrx_word' id='word_1_272' title='bbox 598 3786 640 3796; x_wconf 97' lang='grc'>-</span> <span class='ocrx_word' id='word_1_273' title='bbox 676 3749 765 3815; x_wconf 89' lang='lat' dir='ltr'>Inter</span> <span class='ocrx_word' id='word_1_274' title='bbox 792 3748 966 3814; x_wconf 90' lang='lat' dir='ltr'>Hermanni</span> <span class='ocrx_word' id='word_1_275' title='bbox 994 3747 1182 3813; x_wconf 87' lang='lat' dir='ltr'>sententiam</span> 
     </span>
    </p>
   </div>
   <div class='ocr_carea' id='block_1_5' title="bbox 85 3912 269 3919">
    <p class='ocr_par' dir='ltr' id='par_1_5' title="bbox 85 3912 269 3919">
     <span class='ocr_line' id='line_1_35' title="bbox 85 3912 269 3919; baseline -0.005 0"><span class='ocrx_word' id='word_1_276' title='bbox 85 3912 269 3919; x_wconf 61' lang='lat' dir='ltr'>-m</span> 
     </span>
    </p>
   </div>
   <div class='ocr_carea' id='block_1_6' title="bbox 134 3967 1182 4040">
    <p class='ocr_par' dir='ltr' id='par_1_6' title="bbox 134 3967 1182 4040">
     <span class='ocr_line' id='line_1_36' title="bbox 134 3967 1182 4040; baseline -0.008 -14"><span class='ocrx_word' id='word_1_277' title='bbox 134 3974 162 4037; x_wconf 83' lang='lat'>1)</span> <span class='ocrx_word' id='word_1_278' title='bbox 181 3974 215 4026; x_wconf 81' lang='lat' dir='ltr'>A.</span> <span class='ocrx_word' id='word_1_279' title='bbox 233 3975 307 4040; x_wconf 91' lang='lat' dir='ltr'>poet.</span> <span class='ocrx_word' id='word_1_280' title='bbox 324 3969 427 4034; x_wconf 89' lang='lat' dir='ltr'>XVIII,</span> <span class='ocrx_word' id='word_1_281' title='bbox 444 3969 486 4024; x_wconf 82' lang='lat'>13.</span> <span class='ocrx_word' id='word_1_282' title='bbox 505 3999 536 4008; x_wconf 90' lang='lat'><em>—</em></span> <span class='ocrx_word' id='word_1_283' title='bbox 555 3968 583 4036; x_wconf 80' lang='lat'>2)</span> <span class='ocrx_word' id='word_1_284' title='bbox 606 3968 650 4021; x_wconf 91' lang='lat' dir='ltr'>De</span> <span class='ocrx_word' id='word_1_285' title='bbox 672 3968 737 4023; x_wconf 82' lang='lat' dir='ltr'>Eur.</span> <span class='ocrx_word' id='word_1_286' title='bbox 761 3968 834 4024; x_wconf 87' lang='lat' dir='ltr'>Med.</span> <span class='ocrx_word' id='word_1_287' title='bbox 856 3967 984 4037; x_wconf 77' lang='lat' dir='ltr'>tragoed.</span> <span class='ocrx_word' id='word_1_288' title='bbox 1007 3970 1131 4020; x_wconf 86' lang='lat' dir='ltr'>correcta</span> <span class='ocrx_word' id='word_1_289' title='bbox 1154 3970 1182 4018; x_wconf 89' lang='lat' dir='ltr'>et</span> 
     </span>
    </p>
   </div>
   <div class='ocr_carea' id='block_1_7' title="bbox 64 4053 979 4189">
    <p class='ocr_par' dir='ltr' id='par_1_7' title="bbox 64 4053 979 4189">
     <span class='ocr_line' id='line_1_37' title="bbox 64 4053 852 4124; baseline -0.005 -11"><span class='ocrx_word' id='word_1_290' title='bbox 64 4059 157 4113; x_wconf 85' lang='lat' dir='ltr'>denuo</span> <span class='ocrx_word' id='word_1_291' title='bbox 176 4073 281 4112; x_wconf 87' lang='lat' dir='ltr'>recens.</span> <span class='ocrx_word' id='word_1_292' title='bbox 300 4054 518 4124; x_wconf 79' lang='lat' dir='ltr'>GottIng.1818.</span> <span class='ocrx_word' id='word_1_293' title='bbox 538 4085 569 4094; x_wconf 88' lang='lat'>—-</span> <span class='ocrx_word' id='word_1_294' title='bbox 586 4053 615 4119; x_wconf 82' lang='lat'>3)</span> <span class='ocrx_word' id='word_1_295' title='bbox 634 4053 687 4108; x_wconf 91' lang='lat' dir='ltr'>Od.</span> <span class='ocrx_word' id='word_1_296' title='bbox 706 4053 786 4122; x_wconf 79' lang='lat' dir='ltr'>Pyth.</span> <span class='ocrx_word' id='word_1_297' title='bbox 804 4053 852 4109; x_wconf 89' lang='lat' dir='ltr'>IV.</span> 
     </span>
     <span class='ocr_line' id='line_1_38' title="bbox 965 4144 979 4189; baseline 0 0"><span class='ocrx_word' id='word_1_298' title='bbox 965 4144 979 4189; x_wconf 79' lang='lat'>2</span> 
     </span>
    </p>
   </div>
   <div class='ocr_carea' id='block_1_8' title="bbox 0 0 1386 4634">
    <p class='ocr_par' dir='ltr' id='par_1_8' title="bbox 0 0 1386 4634">
     <span class='ocr_line' id='line_1_39' title="bbox 0 0 1386 4634; baseline 0 0"><span class='ocrx_word' id='word_1_299' title='bbox 0 0 1386 4634; x_wconf 95' lang='lat' dir='ltr'> </span> 
     </span>
    </p>
   </div>
  </div>
 </body>
</html>
