2738 4634
666 276 707 342 38

119 484 243 546 taceam
276 519 327 558 -‚
363 477 467 571 minus
493 475 574 562 ‘aar'
614 477 718 546 ἄλλων
752 499 793 544 sc.
824 475 923 546 ὁσίων
953 475 1043 545 drwv'
1074 501 1172 563 quam
1201 476 1247 563 ‘pa

121 577 227 647 ἄλλων
257 603 298 646 sc.
328 577 385 664 οὐχ
416 577 514 648 ὁσίων
545 579 662 670 ὄντων’,
677 603 716 646 ex
737 580 997 666 praecedentibus
1020 582 1167 668 supplere
1190 583 1248 649 de-

120 683 260 761 beamus,
283 705 348 767 qua
369 684 496 769 quidem
517 685 642 750 ratione
656 688 726 749 tota
739 684 930 768 pervertitur
947 684 1112 749 sententia.
1151 685 1249 764 Quod

121 785 221 850 sicui
248 787 391 870 argutius
419 807 516 871 quam
545 786 648 852 verius
674 784 819 850 videatur
845 786 1042 870 disputatum
1064 807 1147 865 esse,
1168 787 1248 872 [mo-

119 887 258 952 nendum
280 895 337 966 est,
359 890 452 974 longe
474 890 580 975 aptius
602 909 641 954 ea
663 908 746 971 quae
767 910 863 954 verss.
889 888 1035 954 846-48
1057 889 1248 973 praedicen-

120 994 186 1067 tur,
214 987 245 1079 ’ἡ
275 991 369 1078 ἱερῶν
397 1000 555 1075 ποταμῶν
591 990 689 1069 πόλις
716 1027 758 1036 *-
787 990 961 1075 πόμπιμος
986 987 1083 1077 χώρά
1115 991 1250 1060 Medeae

118 1086 168 1178 ίτῇ
192 1089 247 1175 οὐχ
264 1088 347 1181 ὁσίᾳ,
369 1101 408 1181 τῇ
423 1089 662 1182 πανὸολετείροῖ
686 1094 812 1178 opponi.
850 1093 920 1172 Qua
942 1092 981 1156 de
1003 1113 1100 1158 causa
1117 1115 1176 1159 nee
1199 1116 1250 1173 eu,

121 1195 207 1277 quod
228 1195 430 1279 Elmsleius¹)
452 1197 634 1282 proposuit:
664 1192 751 1280 ‘ped'
775 1192 898 1281 ὁννιῦί,
920 1216 993 1272 neo,
1016 1195 1103 1278 quod
1124 1195 1249 1288 Jacob·
1278 1254 1280 1258 .

121 1297 220 1375 sius²l
241 1295 320 1380 ‘per'
344 1296 470 1382 άσνιῦν’,
493 1319 560 1364 rem
581 1299 784 1384 explanatam
806 1318 875 1363 esse
892 1298 1081 1381 putaverim
1104 1298 1193 1382 quod
1214 1305 1250 1364 et

120 1399 154 1462 in
174 1398 392 1466 Hermannum
424 1402 526 1480 cadit,
557 1402 645 1467 cuius
673 1400 855 1466 coniectura
882 1396 952 1466 ‘adv
982 1396 1038 1482 οὐχ
1060 1395 1154 1466 ὁσίαν
1175 1397 1247 1486 μέγ’

122 1497 236 1567 ἄλλων
259 1502 311 1568 vix
333 1505 411 1587 quid
431 1505 529 1570 habet
549 1503 794 1588 probabilitatis.
810 1539 851 1549 -

204 1604 246 1669 Μ.
276 1605 473 1692 Hauptins³)
497 1606 699 1673 audaciorem
723 1626 820 1689 quam
841 1605 1088 1689 probabiliorem
1109 1605 1248 1690 protulit

125 1707 333 1786 sententiam,
364 1731 436 1775 eum
469 1710 530 1775 hoc
559 1707 741 1794 Euripidem
773 1706 932 1786 scripsisse
960 1712 1063 1792 putet:
1088 1703 1162 1772 ‘cdv
1191 1704 1250 1790 οὐχ

121 1805 215 1875 ὁσίαν
231 1809 410 1893 μεταλλᾶν’,
436 1812 522 1896 quod
545 1811 589 1876 sie
612 1832 679 1876 esse
701 1808 902 1875 vertendum:
923 1805 1033 1893 ‘quam
1054 1831 1114 1894 pro
1130 1809 1249 1876 scelere

122 1932 179 1977 suo
208 1913 297 1978 nefas
328 1919 377 1979 est
407 1910 555 1998 adloqui'.
601 1914 705 1997 Atque
730 1913 842 1976 nititur
861 1911 1045 1996 Hauptius,
1078 1917 1116 1977 ut
1150 1934 1248 1978 usum

121 2013 209 2078 illum
232 2015 310 2082 alias
331 2015 520 2081 inusitatum
541 2015 628 2081 verbi
646 2011 829 2098 ‘petellio'
852 2014 1047 2099 comprobet,
1069 2014 1139 2080 loco
1162 2037 1247 2100 quo·

122 2114 196 2180 dam
217 2116 356 2195 Pindari,
378 2116 425 2182 Ol.
441 2116 498 2195 VI,
519 2118 570 2193 61,
593 2118 647 2183 ubi
669 2118 748 2182 haec
767 2117 932 2200 leguntur:

326 2220 566 2308 ἀντεφθέγξατο
590 2215 618 2284 d'
643 2216 797 2307 άρσιεπής

275 2327 400 2411 πατρία
422 2321 513 2403 douo,
535 2320 732 2405 μετάλλασέν
754 2325 789 2387 σε’
806 2338 864 2389 νιν·
883 2318 961 2408 ὄρσο
979 2327 1087 2389 τέκνον

275 2425 367 2512 debeo
390 2423 566 2511 πάγκοινον
588 2422 619 2503 ἐς
639 2422 746 2511 χώραν
763 2422 834 2506 iuer
858 2421 973 2510 φάμας
994 2421 1146 2490 ὄπισθεν.

207 2527 267 2594 Sed
288 2528 440 2612 primum,
470 2527 547 2610 quid
568 2527 697 2592 verbum
717 2522 934 2611 ‘perdituros'
962 2526 1048 2611 apud
1070 2525 1248 2592 Pindarum

124 2629 291 2713 significet,
318 2629 404 2715 apud
425 2629 509 2695 viros
538 2629 649 2695 doctos
674 2649 806 2713 prorsus
836 2650 901 2695 non
923 2633 1067 2706 constat,
1096 2649 1170 2695 cum
1191 2628 1248 2693 alii

123 2733 333 2798 mutationem
355 2732 408 2798 alii
429 2732 512 2797 hano
533 2731 620 2796 illam
638 2731 929 2815 interpretationem
946 2730 1136 2816 praeferant.
1175 2728 1249 2807 Sed,

123 2834 245 2900 etiamsi
267 2855 346 2917 eam,
370 2855 468 2919 quam
488 2834 649 2918 Hauptius
675 2834 823 2918 adoptat,
848 2832 1109 2917 significationem
1131 2853 1247 2897 conce-

123 2937 245 3015 damus,
267 2938 471 3021 gravissimae
492 2941 616 3002 restent
638 2929 867 3014 dubitationeS,
889 2940 921 3000 et
942 2935 1063 3018 graecis
1086 2933 1190 2999 verbis
1214 2939 1248 2999 et

122 3038 255 3124 Hauptii
276 3031 419 3106 verdione
439 3044 562 3116 motae,
594 3060 659 3122 qua
688 3039 765 3122 quid
786 3038 919 3116 faciam,
946 3038 999 3102 vix
1021 3037 1094 3102 scio.
1139 3035 1250 3103 Verba

122 3137 191 3207 ‘cdv
220 3138 275 3224 οὐχ
298 3137 393 3207 ὁσίαν
420 3138 588 3224 μεταλλᾶν)
617 3142 723 3206 latinis
753 3141 856 3206 verbis
885 3139 1010 3205 reddita
1037 3139 1098 3204 hoc
1126 3139 1258 3223 signifi-¹

124 3249 215 3310 cant:
244 3241 327 3309 ‘eam
348 3264 412 3308 non
435 3247 529 3320 (tam)
552 3248 713 3314 sanctam,
745 3264 827 3327 quae
849 3244 943 3328 (ipsa)
971 3237 1183 3324 adaquatur?
1206 3278 1250 3288 —

126 3345 213 3429 quod
240 3351 348 3410 tamen
377 3345 536 3430 quomodo
568 3345 602 3409 in
629 3346 688 3411 hos
715 3367 823 3411 versus
860 3345 995 3429 quadret
1025 3345 1139 3410 nescio.
1184 3343 1249 3410 Sed

122 3469 253 3533 prorsus
289 3448 352 3512 alio
388 3449 482 3514 modo
519 3448 679 3534 Hauptius
714 3450 826 3526 vertit,
862 3448 889 3513 si
928 3444 1077 3529 ‘adloqui'
1115 3446 1250 3511 verbum

124 3550 379 3616 transcribimus:
410 3548 491 3616 ‘eam
513 3572 577 3616 non
600 3555 691 3629 (tam)
715 3556 876 3628 sanctam,
898 3569 980 3634 quae
1002 3549 1055 3628 (ab
1078 3548 1162 3626 aliis)
1186 3549 1248 3615 ad-

123 3649 280 3738 pelletur'‚
310 3652 396 3736 quod
426 3653 552 3737 quidem
579 3654 669 3719 unice
691 3657 802 3738 aptum
832 3657 931 3730 esset,
958 3673 1030 3716 cum
1058 3651 1097 3716 de
1118 3651 1252 3718 muliere

128 3760 261 3838 agatur,
283 3755 335 3820 vix
357 3755 462 3840 digna,
483 3777 621 3839 quacum
643 3755 698 3822 alii
720 3756 974 3839 conloquentur,
1005 3774 1089 3838 quae
1110 3752 1252 3839 adpelle-

194 3997 219 4056 1)
239 3990 311 4046 Mus.
331 3991 391 4045 crit.
414 3991 440 4046 Il
464 4008 528 4061 pag.
553 3992 594 4047 29,
618 4022 652 4031 -
677 3992 706 4058 2)
731 3990 875 4046 Animadv.
896 3991 924 4044 in
942 3990 1007 4044 Eur.
1026 4006 1082 4060 pag
1109 3989 1152 4046 25.
1173 4021 1193 4030 υ
1223 3992 1253 4060 3)

125 4077 243 4132 Hermes
267 4077 301 4140 V,
320 4076 371 4130 178
