2738 4634
123 421 293 515 Sententia
313 421 411 507 igitur
432 422 511 488 haec
533 443 601 489 esse
622 421 733 488 debet:
762 420 805 486 Et
825 421 895 507 ipsa
917 422 1013 500 vides,
1035 429 1072 488 ut
1093 445 1126 489 es
1147 429 1251 489 mente

122 524 251 602 subtili,
273 523 426 592 Venerem
453 547 504 592 me
526 545 682 602 servasse,
709 524 764 589 sed
785 524 824 590 ob
853 525 1003 590 invidiam
1033 547 1136 592 sermo
1165 532 1250 605 tuus,

123 627 184 711 qui
213 632 261 693 est
288 649 397 705 verus,
428 649 464 694 eo
494 628 638 708 aberrat,
677 631 713 690 ut
741 632 833 691 tuum
862 647 1002 693 amorem
1030 650 1080 694 me
1109 650 1250 694 servasse

121 734 230 815 putes.-
273 728 372 794 Aliter
399 731 589 796 scholiastae
615 730 816 815 interpretari
847 730 900 794 vix
926 733 1046 815 poesie,
1076 737 1108 796 et
1139 753 1250 796 sensus

122 831 295 897 verborum
317 838 366 898 est
386 831 580 898 manifestus.
626 831 686 897 Sed
708 854 817 897 vereor
845 855 884 898 ne
906 833 939 897 in
962 832 1121 918 Euripidis
1143 834 1247 899 verbis

122 954 192 999 non
214 935 298 1000 insit.
345 935 395 1001 Sic
423 937 481 1001 hos
503 955 612 1001 versus
640 935 876 1000 constituendos
906 957 974 1000 esse
1003 942 1096 1020 puto:

280 1039 334 1104 σοὶ
362 1036 391 1105 d'
414 1038 483 1104 ’ἐστι
500 1046 574 1116 νοῦς
594 1037 651 1120 μὲν
673 1034 808 1117 λεπτὸς,
831 1031 899 1102 ἀλλ’
923 1035 1118 1126 ἐπίφθονος,

278 1140 362 1228 λόγῳ
385 1141 544 1218 districta*
562 1134 605 1219 ιός
620 1137 721 1224 Ἔρως
742 1135 771 1205 c'
792 1137 951 1227 ἠνάγκασε
973 1147 1045 1217 etc,

123 1263 209 1325 quae
231 1243 276 1308 sie
297 1242 448 1308 vertenda
469 1249 558 1307 suut:
579 1236 648 1307 ‘tibi
670 1247 776 1308 autem
797 1262 885 1306 mens
908 1243 1032 1308 subtilis
1055 1244 1102 1308 vel
1129 1244 1244 1309 callida

121 1344 181 1408 illa
202 1344 328 1428 quidem
351 1345 406 1410 sed
427 1345 583 1409 invidiosa
604 1349 661 1421 est,
683 1345 702 1409 i.
719 1366 744 1408 e.
767 1343 887 1421 odiosa,
911 1345 1018 1409 odium
1040 1344 1187 1423 efficiens
1208 1382 1250 1392 -

123 1445 213 1530 qued
236 1447 472 1524 sermocinare,
501 1467 641 1511 amorem
667 1451 699 1509 te
725 1447 863 1529 coegisse
891 1453 928 1511 ut
955 1468 1006 1512 me
1028 1444 1150 1512 serres?
1196 1447 1247 1512 Sic

122 1569 191 1611 non
213 1547 337 1613 subtilis
358 1570 447 1614 mens
470 1554 501 1614 et
522 1547 677 1614 invidiosa
706 1549 809 1612 oratic
830 1548 959 1614 Medeae
985 1550 1068 1615 inter
1090 1571 1123 1614 se
1145 1571 1245 1633 oppo-

121 1655 256 1728 nuntur,
277 1651 332 1716 sed
355 1651 436 1716 duae
457 1651 571 1716 mentis
594 1650 764 1734 qualitates
787 1649 1015 1732 significantur,
1038 1673 1174 1735 quarum
1196 1652 1243 1716 al·

120 1759 196 1816 tera
223 1753 277 1817 ille
307 1759 466 1818 momente
486 1751 614 1817 Medeae
636 1752 733 1816 verba
755 1750 866 1817 effecit.
891 1789 933 1800 -—
954 1752 1068 1820 Nescio
1098 1775 1140 1818 an
1162 1753 1247 1818 Har-

122 1854 268 1937 tungius‚
291 1856 345 1939 qui
367 1877 476 1921 versus
499 1855 544 1920 sic
566 1855 771 1920 constitutos:

280 1954 298 2022 ό
321 1955 349 2025 d'
371 1958 441 2024 ἔστι
462 1962 520 2042 μέν
541 1983 599 2042 μοι
622 1955 739 2036 λεπτός
762 1954 829 2022 ἄλλ’
852 1955 1039 2044 ἐπίφθονος

278 2060 372 2147 λόγος
394 2063 548 2139 διελθεῖν,
570 2057 615 2138 ιός
630 2058 731 2147 Ἕριος
753 2057 781 2124 o'
803 2056 963 2147 ἠνάγκασε
986 2067 1044 2126 etc.

121 2163 172 2227 ita
193 2163 301 2228 vertit:
324 2164 426 2228 Allein
448 2165 506 2229 das
527 2165 571 2228 ist
593 2184 627 2228 sc
651 2161 805 2245 argerlich
828 2162 876 2226 als
897 2161 1033 2228 treffend
1053 2163 1144 2239 auch,

252 2265 369 2331 Beweis
392 2288 431 2330 zu
452 2265 574 2343 iiihren,
597 2264 671 2330 dass
694 2264 744 2330 die
761 2263 837 2329 Lieb
860 2264 955 2330 alleiu
977 2265 1048 2329 dich
1066 2286 1175 2348 awang
1195 2303 1247 2342 »--,

122 2365 167 2430 ad
189 2366 249 2431 hec
270 2372 395 2452 tempus
417 2368 511 2432 alicui
532 2367 734 2453 persuaserit.
760 2403 802 2414 —
830 2367 940 2432 Altera
961 2366 1130 2432 difficultas
1153 2368 1185 2431 in
1209 2387 1245 2432 ee

122 2471 188 2545 est,
218 2469 305 2552 quod
325 2492 384 2554 pro
406 2465 523 2550 ιτόξοις
546 2466 710 2557 ἀφύκτοις
733 2468 767 2532 in
789 2468 879 2533 codd.
902 2468 937 2534 P.
960 2467 1004 2540 0.,
1029 2469 1121 2534 Dind.
1160 2469 1246 2534 etin

120 2568 153 2634 V
175 2572 422 2656 superscriptum
446 2576 548 2636 exstet
568 2566 689 2638 επόνων
712 2568 882 2658 ἀφύκτοινῖ
933 2570 1111 2655 Utramque
1143 2573 1242 2655 scrip-

120 2679 243 2752 turam,
264 2694 361 2757 quam
379 2675 457 2739 citat
471 2673 644 2738 scholiasta
652 2677 686 2751 ¹),
708 2673 875 2758 antiquam
893 2695 961 2739 esse
976 2673 1123 2738 Osannus
1141 2680 1244 2758 putat.

122 2775 187 2843 Sed
208 2782 379 2861 utrumque
406 2797 464 2841 suo
485 2779 553 2840 iure
575 2780 623 2841 est
644 2775 781 2854 dictum,
803 2777 867 2842 sive
889 2776 1020 2842 Veneris
1042 2776 1122 2853 rim,
1151 2796 1247 2858 quam

120 2900 215 2945 nemo
238 2878 345 2963 fugere
365 2878 477 2963 pessit,
500 2877 563 2942 sive
585 2885 708 2961 quanta
730 2880 794 2944 siut
810 2877 939 2943 Medeae
960 2879 993 2943 in
1011 2878 1157 2943 Iasonem
1179 2899 1246 2942 me-

120 2981 188 3047 rita
210 2980 386 3064 significare
407 2981 574 3045 malumus.
618 2979 681 3044 Our
698 2980 864 3065 Euripides
885 2981 952 3064 ipse
970 2981 1157 3045 alterutrum
1176 3001 1246 3043 mu-

120 3082 257 3161 tavarit‚
288 3104 355 3162 ¹nou
384 3081 587 3147 manifestum
617 3088 673 3146 est.
723 3081 891 3148 Elmsleius
925 3077 1046 3149 ίτόνων
1082 3077 1244 3170 ἀφόκτων’
1305 3106 1308 3112 ·

120 3186 292 3269 genuinam
309 3183 469 3269 Euripidis
493 3204 562 3249 esse
584 3185 774 3268 scripturam
797 3185 950 3262 censet2).
980 3184 1137 3250 Habuisse
1160 3185 1246 3248 euim
1293 3194 1295 3198 “

120 3288 348 3372 grammaticos
370 3285 453 3351 unde
474 3285 557 3351 hanc
579 3286 769 3370 scripturam
798 3292 973 3363 mutarent,
1004 3308 1075 3351 cum
1107 3293 1139 3351 et
1160 3285 1241 3351 Med.

120 3410 169 3454 vs.
199 3390 263 3454 634
292 3426 331 3436 -
368 3387 477 3452 Elmsl.
508 3387 571 3452 620
604 3424 645 3433 -
672 3383 826 3475 ίόφοκτον
863 3386 990 3468 ὀϊοτόό,
1020 3395 1052 3453 et
1078 3388 1172 3473 Hipp.
1201 3410 1246 3452 vs.

123 3491 208 3556 1422
229 3488 403 3579 ςόφόιιτοις
423 3486 538 3570 τόξοις
566 3490 723 3573 legerent,
749 3490 775 3554 si
801 3490 905 3556 miuus
935 3496 1020 3555 reete
1049 3491 1099 3555 cui
1128 3490 1246 3556 dictum

120 3593 282 3658 videretur
304 3592 413 3659 ττόνων
436 3589 587 3680 ἀφόκτων
609 3590 750 3658 excecat
771 3590 863 3659 τινα’.
887 3629 929 3638 -

251 3695 280 3758 2.
299 3693 354 3760 Va
375 3694 454 3760 752:
478 3692 590 3777 όμιυνι
609 3699 667 3781 γῆν
689 3696 744 3760 καὶ
766 3691 915 3782 λαμπρὸν
936 3690 1041 3759 Ἡλίου
1064 3693 1160 3781 φόος.

208 3796 325 3863 Variae
359 3796 536 3881 scripturae
570 3800 658 3861 sunt:
691 3793 797 3862 Ἠλίου
823 3793 859 3861 θ’
892 3792 987 3882 ἁγνὸν
1020 3801 1117 3881 σέβας
1144 3795 1179 3862 B.
1210 3795 1244 3865 G.

123 3955 330 3963 ...ι-...βω

192 4021 218 4085 1)
235 4014 290 4072 nd.
308 4033 340 4071 vs
367 4017 418 4071 529
435 4017 520 4070 Dind.
537 4047 572 4056 -
588 4018 618 4080 2)
637 4017 687 4069 Ad.
708 4033 740 4070 vs
767 4015 827 4070 518.
