2738 4634
675 185 717 250 20

625 281 693 288 “w
700 284 716 288 ,.
728 285 732 288 .
749 284 775 290 ...-

669 386 723 456 lll.

223 543 310 621 Quae
331 541 373 608 ad
394 544 477 608 hunc
499 563 599 625 usque
616 543 722 608 locum
739 548 878 608 tractata
900 550 975 609 sunt
996 550 1194 627 argumenta,
1217 546 1258 611 ad

137 646 300 712 universae
321 645 449 710 Medeae
476 645 604 711 fabulae
630 645 890 728 compositionem
916 653 1014 731 atque
1042 648 1258 713 oeconomiam

136 749 365 835 pertinuerunt.
409 746 493 812 Nihil
515 769 553 812 ex
574 748 613 813 iis
634 748 668 812 in
689 747 821 811 iteratae
840 746 969 812 Medeae
995 748 1141 815 editionis
1164 771 1257 815 usum

137 872 196 916 nos
211 849 381 935 profecisse
400 849 541 914 vidimus.
554 886 594 897 -
614 848 853 913 Transeundum
870 850 934 913 iam
951 850 1042 915 nobis
1060 858 1109 916 est
1127 852 1170 917 ad
1185 874 1257 937 per-

136 952 304 1018 lustranda
324 972 362 1016 ea
384 958 589 1035 argumente,
618 972 700 1036 quae
724 952 826 1016 inesse
856 957 1012 1034 putarunt
1033 953 1092 1017 riri
1115 953 1201 1020 docti
1222 955 1257 1020 in

136 1055 213 1121 locis
243 1054 432 1138 quibusdam
463 1061 603 1120 veterum
639 1054 846 1139 scriptorum,
882 1053 941 1118 sub
971 1052 1101 1121 Medeae
1132 1056 1260 1123 nomine

136 1157 227 1222 nobis
249 1156 386 1234 traditis,
407 1193 448 1203 —
470 1156 585 1240 quibus
608 1155 743 1239 quidem,
765 1176 837 1220 curn
857 1155 892 1220 in
914 1175 959 1228 ea,
984 1178 1081 1239 quam
1102 1156 1258 1224 habemus

135 1259 245 1326 fabula
279 1265 336 1324 aut
372 1263 513 1323 mutatos
545 1259 699 1323 inveneris
736 1263 794 1321 aut
828 1255 949 1322 frustra
987 1259 1156 1341 qaesiveris
1194 1282 1259 1337 eos,

135 1362 268 1446 duplicis
291 1361 436 1426 editionis
458 1359 696 1444 investigandae
718 1380 829 1425 ansam
846 1360 982 1425 maxime
999 1361 1145 1426 idoneam
1163 1384 1257 1447 prae-

134 1465 202 1530 beri
230 1464 288 1528 viri
317 1461 402 1528 docti
430 1467 593 1548 putarunt.
645 1460 706 1527 Sed
736 1484 813 1548 pars
843 1483 951 1527 eorum
978 1462 1137 1541 locomm‚
1176 1486 1258 1549 quos

133 1566 255 1651 priores
278 1565 412 1630 editores
440 1564 488 1629 vel
512 1565 699 1649 interpretes
725 1564 786 1630 hoc
815 1565 848 1628 in
870 1585 982 1647 genere
1011 1563 1256 1644 adnotaverunt,

133 1690 265 1754 prorsus
282 1667 406 1733 silentio
420 1665 512 1731 nobis
530 1669 578 1731 est
594 1665 885 1751 praetermittenda,
908 1686 980 1729 cum
1002 1666 1082 1732 alios
1105 1690 1170 1732 non
1196 1671 1258 1735 nisi

134 1770 291 1834 editorum
318 1770 532 1853 neglegentiae
559 1768 728 1834 debeamus
745 1769 791 1852 ¹),
820 1767 875 1832 alii
904 1789 943 1832 ex
965 1768 1130 1834 deterioris
1161 1776 1257 1836 notae

132 1872 292 1938 codicibus
314 1871 364 1936 rel
385 1870 576 1936 editionibus
597 1870 701 1935 minus
724 1869 872 1935 correctis
893 1869 1040 1935 duxerint
1058 1871 1251 1954 originem2).

131 1974 177 2039 Ac
198 1974 335 2058 primum
353 1971 489 2056 quidem,
512 1972 598 2055 quod
620 1992 659 2036 ex
679 1972 844 2038 Ennianae
858 1971 988 2036 Medeae
1008 1972 1195 2055 fragmentis
1216 1974 1251 2038 in

131 2082 274 2140 nostram
296 2075 542 2159 disputationem
563 2073 775 2157 proficiamus,
798 2075 1012 2158 quaerendum
1034 2077 1125 2148 θεολ).

215 2177 263 2241 De
284 2177 416 2254 ratione,
439 2197 505 2260 qua
525 2176 647 2242 Ennius
667 2178 701 2242 in
723 2176 881 2242 vertendis
896 2175 1090 2241 Graecorum
1114 2178 1250 2262 scripto-

129 2301 201 2344 rum
222 2277 338 2344 fabulis
361 2279 402 2344 sit
424 2300 517 2358 usus,
544 2284 685 2345 veterum
712 2279 876 2363 complura
905 2284 1033 2343 exstant
1061 2279 1252 2345 testimonia.

130 2382 192 2448 Cic.
225 2381 324 2447 Acad.
354 2380 380 2458 Ι,
408 2381 447 2444 13
477 2403 542 2446 non
562 2382 659 2448 rerba
688 2383 743 2448 sed
764 2383 827 2446 rim
857 2381 1051 2446 Graecorum
1081 2385 1250 2465 poetarum

129 2485 321 2569 expressisse
342 2483 473 2560 Attium,
495 2483 677 2560 Pacuvium,
698 2482 837 2548 Ennium
859 2483 968 2547 tradit.
1012 2483 1061 2547 De
1081 2483 1150 2548 Fin.
1173 2486 1201 2566 1,
1217 2485 1252 2549 2:

127 2582 196 2651 ‘His
218 2587 315 2670 igitur
337 2592 385 2651 est
407 2584 565 2651 difficilius
588 2585 770 2663 satifacere‚
802 2587 857 2670 qui
879 2607 912 2650 se
934 2585 1035 2651 latina
1057 2586 1180 2670 scripta
1201 2586 1250 2650 di-

130 2696 204 2754 cant
225 2695 432 2754 contemnere.
478 2689 515 2751 ln
538 2687 652 2770 quibus
674 2688 735 2752 hoc
756 2688 893 2771 primum
915 2692 963 2751 est
985 2687 1073 2770 quod
1094 2689 1249 2753 admirer:
1277 2730 1279 2735 -

128 2792 238 2856 curin
260 2790 454 2874 gravissimis
476 2790 570 2856 rebus
592 2810 657 2856 non
679 2789 812 2854 delectet
832 2810 886 2855 eos
900 2791 1024 2874 patrius
1040 2811 1153 2867 sermo,
1175 2811 1249 2854 cum

126 2893 220 2959 iidem
248 2893 380 2960 fabellas
412 2893 544 2957 Latinas
578 2890 627 2955 ad
659 2891 821 2956 verbum
851 2891 889 2957 de
923 2891 1052 2957 Graecis
1084 2912 1250 2975 expressas

126 3017 190 3062 non
215 2995 306 3061 inriti
338 2996 453 3078 legant.
505 2994 581 3072 Quis
617 2993 701 3058 enim
728 3000 795 3057 tam
822 2993 966 3060 inimicus
995 3016 1095 3079 paene
1126 2994 1249 3058 nomini

133 3142 334 3149 --ι-...η-...ο-ι

159 3257 161 3262 ·
193 3231 220 3301 1)
239 3231 279 3284 Cf.
298 3246 353 3286 vss.
372 3230 428 3284 109.
448 3230 506 3294 110,
525 3246 625 3299 quosa
644 3231 763 3284 Stobaeo
787 3230 887 3284 citatos
911 3231 940 3282 in
957 3235 1053 3283 nostra
1070 3231 1171 3286 Medea
1197 3234 1249 3286 din

123 3318 229 3370 frustra
245 3317 450 3384 investigarunt
467 3316 520 3368 riri
538 3317 620 3370 docti.
651 3346 676 3354 -
700 3318 729 3382 2)
749 3316 833 3369 Cuius
851 3316 968 3370 rationis
987 3318 1038 3369 boc
1056 3318 1178 3371 sufficiat
1200 3335 1248 3372 cx-

123 3404 251 3471 emplum.
287 3400 361 3456 Olim
379 3401 515 3469 Hesychii
539 3417 560 3454 e.
584 3417 609 3453 v.
634 3399 817 3454 οἷπαιώνιστον
840 3403 927 3455 verba
950 3400 1093 3473 Κόρινθον
1112 3400 1247 3456 ductam·

123 3504 189 3540 στον
214 3488 243 3539 in
273 3487 414 3556 Euripidis
432 3487 533 3540 Medea
560 3486 708 3548 exstitisse,
735 3485 810 3538 docti
836 3488 970 3554 putabant
1014 3484 1122 3551 Liceat,
1150 3489 1243 3554 qualis

122 3574 219 3640 glossa
235 3573 290 3625 iam
308 3573 424 3641 legitur,
451 3587 512 3625 cum
530 3570 707 3623 adnotatione
734 3573 906 3624 exscribere.
931 3568 1122 3622 ἅπαιώνιστον·
1141 3571 1243 3643 δύσφη-

119 3676 182 3728 μον.
217 3656 368 3731 Εὐριπίδης
390 3656 531 3728 {direptum
552 3657 612 3724 (τῷ)
637 3654 682 3707 διὰ
705 3656 848 3728 Κορίνθου
880 3685 913 3694 -
935 3655 1083 3725 Εὐριπίδης
1107 3654 1175 3709 aare
1198 3657 1247 3711 καὶ

122 3742 165 3794 ded
185 3741 288 3814 α’κορὶν.
323 3741 489 3796 Ἄπαιώσιον·
509 3741 626 3795 ‹leodex
644 3739 795 3813 Εὐριπίδης
813 3739 932 3810 ἀλλαχοῦ
951 3739 996 3792 καὶ
1013 3737 1045 3793 ἓν
1063 3740 1172 3810 Μηδείᾳ
1190 3744 1248 3796 Κό-

121 3832 220 3898 ρινθον
242 3826 404 3884 οἷπαιώσιον.
429 3827 572 3899 δύσφημον
595 3826 666 3882 coni.
690 3827 831 3889 Musurus‚
855 3825 1002 3897 Εὕριπὶδης
1023 3825 1182 3896 Ἀλκμαίωνι
1199 3829 1247 3882 διὰ

120 3912 535 3986 KoptvuooegregiaMatthiaei
545 3916 589 3965 est
598 3912 850 3980 emendatio,qnam
860 3910 973 3978 perfeci.
983 3911 1243 3970 MSchmidtins—

118 3998 147 4064 3)
167 3999 245 4053 Gonf.
264 3997 478 4064 Planclrium,Q
506 3997 588 4050 Ennii
605 3997 712 4060 Medea,
731 3997 848 4065 Gotting
877 3995 944 4051 1807
962 4013 1018 4066 pag
1045 3996 1087 4053 47.
1106 3997 1138 4051 67
1160 4015 1223 4068 sqq.
