2738 4634
118 483 148 529 e.
177 462 324 529 dativo
349 462 593 547 praepositionis
625 466 752 527 servata
780 461 839 527 sit:
866 459 913 526 ‘in
933 460 1043 528 mediis
1065 459 1249 527 mulieribus

119 571 156 630 et
186 563 385 649 virginibus'3
424 585 562 648 quocum
598 564 788 630 scholiastae
822 564 1062 630 adnotationem
1088 563 1250 629 conferas:
1292 592 1295 597 ·

122 663 269 757 ὑπῆρχον
292 666 327 733 δὲ
348 663 368 754 ἦ
392 663 546 755 δύστηνος
567 667 724 734 δέσποινα
747 664 779 733 ἓν
800 677 873 746 ταῖς
892 663 1022 745 Ἰδαίαις
1043 668 1195 751 γυναιξίν,
1219 664 1251 732 ἐν

125 774 310 857 παρθένοις
332 794 367 835 σε
389 768 582 856 περιφανής.

215 871 244 937 3.
267 871 335 956 lph.
357 871 428 936 Aul.
453 870 552 936 111οε
574 869 793 950 Agamemnon
813 870 912 939 filiam
933 869 1154 935 immolaturus
1177 867 1250 954 Cly-

121 977 352 1038 taemnestram
374 973 423 1037 his
446 972 630 1056 adloquitur
651 973 770 1038 verbis:

277 1074 422 1158 ’ἔκπεμπε
444 1075 551 1140 παῖδα
572 1072 912 1163 δωμάτωνπατρός
932 1081 1046 1160 μέσα.

209 1176 392 1243 Clausulam
413 1198 522 1242 versus
545 1184 728 1262 corruptam
745 1177 896 1244 videmus.
926 1177 1052 1243 Paleius
1068 1176 1152 1242 hanc
1165 1196 1241 1260 pro·

120 1280 215 1364 ponit
240 1279 506 1345 emendationem:

175 1382 178 1386 ’
276 1380 424 1465 ’ἔκπεμπε
445 1378 503 1469 τὴν
525 1378 584 1471 σὴν
605 1383 711 1450 παῖδα
733 1381 892 1465 δωμάτων
913 1379 1031 1469 πάρος.

209 1485 360 1549 Fortasse
381 1485 502 1549 minore
521 1484 688 1549 verborum
709 1484 885 1550 mutatione
901 1483 947 1550 sic
968 1505 1077 1550 versus
1100 1487 1149 1549 est
1171 1503 1246 1547 con-

125 1586 325 1653 stituendus:

275 1688 419 1771 έκπεμπε
441 1687 547 1754 παῖδα
570 1686 728 1770 δωμάτων
749 1686 825 1768 ἔξω
847 1712 933 1755 παν
947 1687 999 1775 ρο’
1008 1713 1034 1768 ς.

210 1790 255 1855 of.
278 1791 440 1856 Phoeniss.
463 1811 508 1856 vs.
534 1789 625 1855 1004.
649 1790 742 1855 1322.

206 1892 237 1956 4.
261 1891 369 1978 Suppl.
395 1891 477 1957 1115
495 1912 566 1977 sqq.
610 1890 773 1959 Nauckius
796 1890 841 1957 sio
862 1891 1042 1958 constituit:

326 1990 445 2080 λάβετ’,
469 1991 656 2082 ἀμφίπολοι

328 2102 445 2185 γραίας
468 2092 620 2181 ἀμενοῦς·
644 2093 682 2164 οὗ
699 2094 760 2187 γὰρ
778 2095 898 2165 ἔνεστιν

328 2198 421 2287 ῥώμη
444 2199 574 2266 παίδων
596 2196 662 2265 ὑπὸ
684 2203 830 2280 πένθους

328 2303 452 2368 πολλοῦ
474 2327 509 2368 σε
528 2300 645 2388 χρόνον
666 2300 769 2391 ζώσης
790 2306 872 2384 μέσα
897 2298 935 2391 δὴ

326 2406 598 2496 καταλειβομένης
618 2401 646 2468 ν’
670 2401 780 2490 ἄλγεσι
801 2406 946 2483 πολλοῖς.

210 2506 264 2572 VS.
290 2505 372 2572 1118
395 2505 463 2571 cod.
486 2504 521 2570 P.
545 2503 583 2593 δὴ
604 2505 719 2590 χρόνον
738 2505 865 2586 σώζεις,
895 2504 929 2570 C.
954 2503 992 2593 δὴ
1017 2504 1138 2594 ζώσης,
1162 2505 1251 2570 Mus·
1330 2522 1333 2527 ’

123 2609 252 2693 gravivm
280 2630 338 2693 pro
361 2604 465 2690 ‘perol’
486 2604 617 2694 μέτρα,
640 2607 839 2692 Hartungius
865 2628 924 2692 pro
953 2604 992 2697 δὴ
1015 2603 1080 2688 “τε’,
1108 2607 1248 2673 Diodor-

123 2711 184 2776 fius
213 2707 281 2776 ίδέ’.
325 2710 466 2775 Primum
495 2709 663 2775 videndum
702 2717 763 2789 est,
798 2715 904 2774 utrum
931 2705 1033 2793 ‘petro'
1064 2710 1247 2794 praepostio
1356 2777 1358 2781 ,

104 2813 284 2878 servanda
305 2833 348 2878 an
369 2810 527 2877 reicienda
549 2812 597 2876 sit.
642 2812 675 2877 Si
689 2832 861 2889 servamus,
883 2810 971 2896 quod
985 2809 1147 2876 Nauekius
1165 2810 1249 2888 feeit,

128 2915 175 2979 sic
196 2914 410 2980 construenda
432 2918 481 2978 est
499 2914 670 2979 sententia:
693 2912 730 2980 οὗ
752 2910 812 3000 γὰρ
834 2913 937 2981 ἔνεστι
959 2911 1049 3002 ῥώμη
1071 2909 1155 2996 μετὰ
1171 2916 1251 3000 (τῆς)

124 3019 250 3083 πολλοῦ
269 3015 384 3104 χρόνον
407 3015 437 3094 (i.
460 3036 486 3080 e.
510 3014 544 3081 ἐκ
565 3018 688 3083 πολλοῦ
704 3020 746 3100 χ.)
764 3013 868 3104 ζώσης
889 3041 916 3081 κ
932 3041 960 3081 τ.
975 3017 1017 3097 λ.,
1040 3036 1123 3099 quae
1144 3020 1252 3079 tamen

126 3120 168 3185 ob
191 3120 355 3184 insolitum
376 3138 475 3200 genus
498 3117 622 3184 dicendi
642 3119 695 3184 vix
715 3125 852 3205 possunt
872 3118 1013 3204 probari,
1037 3138 1109 3183 cum
1131 3121 1163 3182 et
1181 3137 1251 3182 ver-

123 3223 202 3289 bum
221 3218 346 3287 ‘dracas'
369 3241 441 3285 oum
468 3215 570 3304 ‘perd'
599 3228 726 3306 praeter
747 3221 1007 3286 consuetudinem
1029 3219 1253 3302 coniungatur,

124 3327 159 3388 et
180 3323 343 3405 genetivus
365 3321 640 3407 πολλοῦ-χρόνου,
663 3345 721 3408 pro
744 3345 808 3408 quo
831 3323 1064 3399 accusativum,
1086 3326 1250 3405 exspecta-

124 3446 209 3502 mus,
230 3425 401 3509 displioeat.
445 3425 559 3508 Itaque
581 3425 798 3509 Musgravium
820 3430 986 3508 sequentes
999 3420 1120 3510 ‘placa'
1135 3423 1247 3507 reeipi-

125 3548 233 3602 amus,
262 3527 345 3593 unde
379 3527 540 3610 genetivus
569 3522 704 3593 ‘notiori
738 3525 863 3615 gpdroo'
893 3525 1037 3611 pendeat.
1089 3524 1170 3590 Tum
1208 3526 1252 3589 sie

125 3629 352 3694 constituenda
379 3635 462 3694 esset
490 3629 661 3694 sententia:
692 3625 749 3695 οὐκ
778 3628 881 3695 ἐ’νεστι
907 3626 998 3716 ῥώμη
1020 3632 1105 3715 (τῆς)
1130 3629 1251 3693 πολλοῦ

66 3742 69 3753 ’
123 3731 243 3820 χρόνον
265 3735 366 3818 μέτρα
388 3731 505 3820 ζώσης,
532 3730 587 3796 ubi
615 3725 737 3797 ‘irrora’
759 3751 818 3815 pro
838 3727 929 3797 ‘dour'
952 3730 1071 3795 dictum
1093 3733 1193 3806 esset,
1221 3735 1253 3794 et

124 3834 240 3900 eadem
261 3834 345 3898 ratio
366 3854 480 3917 parum
501 3833 621 3897 usitata
643 3853 681 3897 ao
703 3832 793 3910 dura,
813 3853 891 3917 prae
912 3832 999 3897 verbi
1020 3826 1157 3897 ‘lucivoce'
1180 3851 1252 3894 cum

127 3936 236 4001 dativo
251 3936 497 4012 constructione,
506 3971 547 3982 —
559 3953 656 4016 quam
667 3938 699 3998 et
709 3934 760 3999 hic
773 3935 991 4018 praetulerim:
1007 3933 1092 4019 ζώσῃ
1103 3935 1253 3999 καταλει-

125 4044 259 4124 βομένη.
293 4036 409 4101 Totum
428 4038 525 4120 igitur
548 4037 650 4100 locum
669 4036 713 4099 sic
729 4034 909 4120 Euripidem
931 4036 1145 4120 composuisse
1160 4041 1252 4119 puto:

1001 4139 1054 4189 3¹¹¹*
