2738 4634
756 255 778 319 4

693 353 843 361 »σω-...-

294 457 353 524 Sed
388 459 590 543 priusquam,
628 458 713 541 quod
740 460 938 543 propositum
972 465 1035 536 est,
1064 460 1193 543 aggredi
1226 459 1330 531 liceat,

206 561 418 626 necessarium
453 567 517 639 est,
551 567 588 625 ut
621 560 701 625 duas
738 563 979 645 praemittamus
1013 562 1212 644 quaestiones
1243 563 1329 627 haud

206 664 414 746 neglegendas
443 665 534 730 ncbis
566 662 604 728 de
630 663 747 747 duplici
774 663 987 748 Euripidis
1010 664 1122 728 Medea
1143 665 1326 729 disserenti-

207 764 274 829 bus.
323 767 369 831 Ac
404 767 492 851 prior
537 766 663 850 quidem
697 766 738 831 ad
778 766 1006 831 dubitationem
1036 767 1186 850 pertinet,
1223 789 1329 850 quam,

207 873 363 948 quantum
397 869 480 945 scic,
514 869 635 953 primus
668 868 767 932 mevit
800 868 927 932 Samuel
957 867 1079 932 Petitus
1088 871 1124 944 1),
1157 871 1211 952 qui
1247 871 1329 934 falsa

205 989 243 1032 ac
276 990 423 1053 perversa
450 971 710 1054 interpretatione
736 970 795 1034 loci
826 968 991 1034 cuiusdam
1020 972 1173 1036 Athenaei
1206 972 1261 1037 IX.
1296 997 1326 1056 p.

205 1070 269 1155 4253
300 1080 492 1147 commotus,
517 1072 660 1138 Medeam
687 1093 784 1154 quam
812 1072 964 1137 habemus
992 1072 1033 1137 ab
1056 1073 1206 1158 Euripide
1235 1075 1324 1138 Mue-

206 1173 309 1238 sarchi
345 1173 408 1238 lilio
445 1173 704 1252 abiudicandam,
746 1173 888 1258 Euripidi
925 1175 1056 1253 minori,
1099 1178 1154 1260 qui
1190 1176 1273 1241 illius
1312 1199 1328 1240 c

205 1275 304 1339 fratre
332 1274 426 1340 luerit
453 1297 569 1360 nepos,
599 1276 800 1343 tribuendam
827 1297 895 1341 esse
926 1279 1062 1354 censuit,
1093 1279 1131 1343 de
1164 1301 1226 1362 quo
1256 1280 1327 1344 Sui-

205 1377 263 1442 das
296 1399 320 1442 s.
357 1401 384 1441 v.
414 1377 601 1466 Εὐριπίδης·
624 1375 804 1467 Εὐριπίδης
842 1386 899 1444 τοῦ
921 1384 1080 1466 προτέρου
1119 1378 1323 1468 ἀδελφιδοῦς,

204 1479 369 1568 τραγικός,
399 1477 444 1558 ὡς
466 1483 639 1560 Διονύσιος
661 1481 895 1569 ἓνΧρονικοῑς.
920 1482 1070 1570 δράματα
1092 1480 1191 1549 αὐτοῦ
1213 1491 1325 1548 ταῦτα·

146 1666 149 1671 Ι
203 1581 349 1672 Ὀρέστης,
374 1580 509 1679 Μήδεια,
531 1585 699 1672 Πολυξένη.
744 1585 907 1661 Athenaei,
930 1587 984 1668 qui
1007 1584 1191 1651 Clearchum
1210 1584 1320 1650 Solen-

205 1707 271 1750 sem
294 1680 436 1768 sequitur
457 1692 633 1764 auctorem,
660 1687 756 1752 verba
776 1686 855 1752 haec
878 1694 965 1752 sunt:
997 1682 1076 1765 doe
1104 1685 1161 1755 τὸν
1183 1685 1323 1775 Elim*

205 1789 261 1875 δην
283 1785 443 1876 μὴμόνον
464 1780 683 1855 ὑπονοεῖσθαι
700 1787 757 1878 την
780 1788 923 1883 Μήδειαν
946 1789 1095 1858 ἐντεῦθεν
1110 1796 1325 1876 πεποιηκέναι

205 1899 330 1972 πᾶσαν,
358 1927 400 1937 -
427 1891 465 1954 de
487 1892 696 1979 grammatica
717 1890 836 1957 Calliae
852 1893 1021 1976 ,tragoedia
1042 1895 1148 1977 agitur
1170 1931 1221 1969 —,
1245 1890 1326 1958 ἀλλὰ

203 1995 258 2058 καὶ
287 1991 324 2058 τὸ
357 1995 453 2076 μέλος
481 1989 559 2059 αὐτὸ
582 1993 812 2083 μετενηνοχότα
844 1992 982 2080 φανερὸν
1005 1991 1096 2061 εἶναι.
1140 1995 1327 2079 Euripidem

203 2096 300 2179 igitur
322 2095 364 2160 ad
385 2096 469 2160 illius
491 2097 674 2180 tragoediae
696 2096 872 2181 exemplum
894 2117 985 2161 suam
999 2096 1143 2162 Medeam
1162 2097 1327 2180 scripsisse

203 2204 235 2263 et
256 2199 433 2274 trochaico,
456 2219 519 2280 quo
543 2218 580 2263 ea
602 2199 721 2284 scripta
742 2205 826 2276 erat,
848 2205 950 2264 metro
972 2221 1065 2264 usum
1085 2199 1191 2277 fuisse,
1214 2200 1240 2262 si
1262 2220 1327 2262 non

203 2300 299 2364 etiam
324 2300 357 2364 in
387 2301 511 2378 ceteris,
546 2302 578 2364 in
608 2301 727 2366 melicis
758 2301 887 2385 quidem
916 2300 1024 2373 Chori,
1052 2303 1326 2386 interpretatura.

204 2401 295 2480 Quod
331 2409 437 2468 autem
474 2405 508 2468 in
537 2426 591 2482 ea,
625 2423 722 2487 quam
757 2403 927 2482 habemus,
959 2404 1088 2483 Medea,
1121 2406 1180 2469 hcc
1212 2408 1327 2488 poeitae

204 2505 361 2581 studium,
389 2507 476 2589 quod
502 2512 609 2572 tamen
639 2506 775 2570 maxime
801 2506 834 2569 in
863 2527 899 2571 ec
928 2505 1071 2572 dramate
1099 2508 1219 2572 elucere
1247 2508 1326 2570 scri-

202 2607 259 2672 bat
282 2608 462 2673 Athenaeus
491 2630 556 2674 non
585 2609 875 2685 animadvertatur,
903 2606 1045 2672 Medeam
1068 2630 1131 2673 non
1158 2629 1227 2673 esse
1258 2608 1324 2672 Eu-

203 2710 312 2794 ripidis
343 2710 520 2775 Mnesarchi
551 2711 607 2775 filii
634 2710 794 2777 concludit
823 2713 870 2775 vir
904 2709 1025 2774 dectus.
1071 2710 1179 2789 Quahs
1209 2717 1327 2776 natura

202 2813 384 2894 tragoediae
415 2813 499 2877 illius
529 2811 646 2879 Calliae
674 2814 784 2891 fuerit,
819 2813 870 2876 hic
904 2811 1079 2902 describere
1108 2835 1238 2896 prorsus
1267 2815 1326 2878 ab·

201 2914 310 2979 horret
348 2936 368 2980 a
404 2915 569 3000 preposito
609 2923 729 2980 nostre.
781 2913 846 2977 Nec
877 2914 938 2978 nisi
970 2913 1003 2977 in
1038 2915 1224 2979 coniecturis
1256 2922 1328 2980 tcta

203 3019 345 3099 quaestio
373 3025 526 3083 versatur.
576 3017 658 3096 Quid
692 3040 730 3082 ex
760 3016 912 3081 Athenaei
939 3016 1042 3081 verbis
1073 3016 1217 3081 concludi
1247 3040 1324 3101 pos-

202 3125 264 3195 set,
290 3119 490 3185 Hermannus
521 3126 552 3185 et
574 3126 685 3204 postea
708 3118 893 3184 Welckerus
915 3118 1163 3201 investigarunt,
1186 3140 1324 3202 quorum

201 3220 323 3304 priori)
346 3242 384 3286 ex
410 3222 563 3287 Athenaei
593 3223 680 3298 loco,
716 3221 786 3285 VII.
814 3241 887 3304 pag.
917 3220 979 3284 276
1008 3221 1042 3285 A.
1071 3223 1125 3286 καὶ
1153 3218 1213 3308 γὰρ
1237 3226 1325 3288 Καλ-

200 3325 274 3388 λίαν
297 3323 417 3411 ίστορεῐ
437 3321 493 3391 τὸν
509 3321 680 3412 Ἀθηναῖον
702 3320 923 3410 γραμματικὴν
943 3328 1111 3390 συνθεῖναι
1128 3326 1322 3411 τραγῳδίαν,

202 3418 320 3514 ἀφ’,ἦς
346 3432 485 3514 ποιησαι
514 3425 563 3491 τὰ
590 3428 684 3514 μέλη
714 3428 784 3491 καὶ
813 3422 884 3512 τὴν
914 3424 1113 3492 διάθεσιν
1139 3425 1324 3516 Εὐριπίδην

201 3525 233 3592 ἐν
256 3528 382 3616 Μηδείᾳ
403 3531 458 3593 καί
480 3531 649 3615 Σοφοκλέα
675 3526 731 3594 τὸν
756 3527 910 3594 Οἰδίπουν
933 3563 972 3572 -
1000 3534 1073 3591 ‘non
1103 3527 1233 3594 dubium
1256 3552 1324 3596 esse

203 3627 441 3708 demonstravit,
463 3632 502 3696 de
525 3631 600 3696 solis
623 3631 726 3696 choris
750 3631 818 3714 agi,
848 3650 943 3720 quos,
974 3628 1059 3712 quod
1080 3631 1232 3714 primaria
1255 3640 1323 3698 tra-

204 3732 333 3814 goediae
354 3754 430 3818 pars
451 3730 654 3811 haberentur,
682 3729 740 3821 την
762 3730 907 3819 Μήδειαν
929 3738 1039 3797 πᾶσαν
1061 3731 1163 3798 dicere
1184 3738 1325 3817 potuerit

268 3969 295 4035 1)
312 3937 429 4021 discen.
454 3967 501 4021 vr.
525 3984 584 4036 cap.
603 3970 643 4025 15.
668 3999 700 4008 -
723 3969 750 4036 υ)
767 3968 874 4022 neurus
900 3984 986 4036 pagg.
1012 3968 1070 4025 137.
1089 3970 1146 4023 139.
1171 4001 1203 4010 -
1232 3969 1260 4033 a)
1289 3973 1322 4024 in

201 4053 453 4108 Observationibus
471 4054 506 4107 de
525 4052 650 4107 Graecae
667 4054 781 4122 linguae
799 4053 936 4117 dialectis,
955 4053 1032 4122 Lips.
1051 4054 1125 4109 1807.
