2738 4634
547 252 696 356 El-

59 456 124 522 bus
142 477 198 522 eae
219 460 344 522 exstent
364 455 442 521 locis
464 455 613 520 indicare.
658 454 776 520 Versus
805 455 894 520 uncis
923 456 1062 523 conclusi
1083 456 1182 521 inter-

53 559 160 644 polati
183 565 265 624 sunt.
309 558 452 642 Amplius
475 558 514 622 de
535 557 574 622 iis
597 557 758 639 disserere,
781 558 962 642 interpretis
984 561 1077 636 esr1).

146 659 237 738 Quod
268 666 369 725 restat
391 667 648 743 argumentorum
675 680 790 743 genus,
820 661 906 743 quod
930 661 1055 744 quidem
1077 662 1110 725 in
1133 660 1180 725 di·
1272 690 1274 695 ·

54 763 156 828 versis
179 762 319 828 eiusdem
339 763 400 827 loci
418 762 561 827 codicum
583 762 769 827 lectionibus
785 769 832 827 est
849 764 998 847 positum,
1022 786 1087 828 non
1105 785 1180 847 gra-

53 865 127 929 vius
163 869 229 942 est,
267 886 363 948 quam
396 864 483 948 qnod
512 862 606 930 modo
641 864 877 929 illustravimus.
922 863 1018 930 Cuius
1048 865 1181 930 rationis

54 966 163 1052 prima
200 972 328 1032 exstant
363 967 534 1051 specimina
582 966 649 1031 Tib.
687 966 918 1031 Hemsterhusii
955 968 989 1031 in
1016 968 1181 1052 Aristoph.

56 1068 153 1135 Pluto
183 1075 215 1136 et
236 1068 437 1134 Valckenarii
463 1069 496 1132 in
524 1069 598 1133 Eur.
621 1068 812 1152 Hippolyt03
840 1069 874 1133 in
895 1069 1020 1147 Medea,
1051 1070 1089 1135 de
1118 1092 1183 1153 qua

61 1171 196 1256 agimus,
218 1172 339 1257 primus
361 1172 422 1235 hac
446 1171 570 1236 ratione
588 1192 664 1235 usus
687 1177 735 1235 est
755 1171 806 1234 Fr.
831 1169 978 1237 Osannus
999 1172 1033 1236 in
1055 1172 1182 1237 analec-

57 1273 102 1338 tis
125 1273 259 1352 criticis3
282 1281 356 1359 post
378 1295 449 1341 eum
471 1272 549 1339 God.
572 1273 821 1355 Hermannus2),
843 1275 894 1339 oui
913 1272 968 1340 ‘an
989 1278 1102 1359 po‘e'tae
1122 1274 1183 1358 ipsi

57 1375 183 1459 aliquid
204 1377 413 1454 correxerint,
442 1398 480 1441 ex
509 1397 545 1440 eo
574 1377 711 1441 maxime
740 1377 844 1459 colligi
868 1398 962 1460 posse
989 1377 1126 1454 videtur,
1156 1376 1182 1440 si

57 1477 189 1542 eusdem
225 1479 286 1544 loci
316 1479 397 1544 dnae
431 1479 478 1543 ita
506 1478 647 1543 diversae
680 1479 854 1563 scripturae
887 1479 1106 1557 inveniuntur,
1146 1484 1183 1542 ut

56 1600 172 1658 eausa,
207 1603 263 1646 cur
285 1581 387 1647 altera
408 1581 499 1646 alteri
522 1581 697 1646 substituta
717 1582 829 1660 luerit,
858 1603 960 1666 neque
982 1583 1022 1647 ab
1054 1581 1183 1646 histrio-

55 1703 135 1746 num
157 1683 205 1747 vel
227 1684 409 1760 errantium,
431 1685 479 1748 vel
497 1683 714 1749 commoditati
737 1704 813 1748 suae
835 1687 891 1748 aut
913 1682 1107 1768 temporibus
1129 1683 1179 1746 in·

56 1785 276 1863 servientium,
303 1806 405 1869 neque
435 1792 635 1869 agrammat
636 1785 772 1862 ieorum,
803 1785 876 1849 dict
854 1786 948 1851 tronis
980 1786 1180 1870 potissimum
1247 1832 1258 1853 ι

56 1877 232 2003 puritatem
247 1889 401 1973 spectant
393 1911 457 1953 1um
472 1896 525 1952 rat
512 1888 650 1953 tionibus
666 1888 767 2003 repeti·
783 1887 896 1972 possit.
931 1886 1133 1954 Versarit
1077 1894 1133 1953 aut
1134 1909 1183 1951 em

57 1991 125 2056 fere
147 1956 325 2069 cambis,
356 2012 438 2075 quae
465 1991 600 2075 utquid
628 1989 729 2072 magis
752 1989 927 2157 perspicuis
937 1995 974 2054 ut
995 1990 1119 2075 aptius,
1147 1994 1184 2053 ut

56 2092 244 2176 elegantius,
275 2099 312 2157 ut
342 2093 551 2170 ornatiuS‚u
552 2091 704 2158 tiortins
734 2089 853 2155 dictum
931 2115 1023 2170 ,mu
1024 2097 1095 2157 tata
1116 2113 1184 2157 esse

58 2193 235 2280 appareat'.
282 2195 419 2274 Osanui‚
447 2196 502 2280 qui
528 2195 611 2259 hanc
638 2201 691 2258 rat
690 2195 795 2259 ionem
823 2195 887 2259 iam
915 2216 970 2261 sex
996 2195 1087 2259 annis
1110 2199 1184 2258 ante

63 2302 135 2362 erat
158 2302 284 2364 secutus
292 2300 328 2378 ³),
350 2321 388 2364 ac
402 2296 577 2373 Matthiaei‚
600 2296 656 2379 qui
670 2317 739 2361 eam
754 2296 1011 2382 castigaverat4),
1033 2319 1072 2361 ne
1089 2297 1183 2362 verbo

58 2399 188 2482 quidem
217 2402 408 2466 mentionem
437 2399 514 2464 facit
540 2398 750 2463 Hermannus.
793 2397 841 2463 Eo
878 2400 997 2482 magis,
1033 2397 1110 2482 quid
1145 2398 1183 2462 de

57 2500 118 2566 illa
138 2501 262 2567 ratione
284 2504 326 2568 sit
348 2501 537 2567 censendum
565 2500 746 2585 apparebit,
774 2501 830 2566 ubi
861 2501 1019 2584 quomodo
1049 2506 1183 2583 uterque

57 2624 98 2668 ea
113 2625 189 2669 usus
205 2606 258 2688 sit,
272 2603 533 2690 perspexerimus,
548 2640 591 2650 —
613 2601 761 2668 Osannus
776 2603 909 2686 triginta
929 2608 1048 2687 septem
1063 2607 1183 2667 tractat

58 2706 235 2790 scripturas
259 2707 427 2787 variantea
450 2705 652 2772 Hermannus
675 2705 785 2789 viginti
804 2706 944 2789 quinque
962 2704 1091 2782 indicat,
1111 2705 1181 2788 qui-
1229 2786 1231 2791 ,

57 2809 120 2875 bus
144 2808 260 2892 duplex
282 2809 378 2875 editio
400 2809 529 2875 eluceat.
574 2808 660 2886 Quos
682 2829 790 2873 omnes
814 2807 955 2890 singulos
972 2812 1121 2884 tractare,
1144 2829 1182 2871 ae

58 2929 145 2994 quae
167 2932 275 2978 eorum
297 2911 436 2977 conditio
460 2912 502 2976 sit
522 2911 721 2994 investigare,
743 2910 873 2993 longum
894 2929 952 2973 nec
975 2929 1089 2993 operae
1110 2930 1182 2993 pre-

57 3011 141 3076 tium
163 3016 219 3077 est.
264 3013 334 3078 Hoc
356 3004 501 3080 attulisse
524 3013 679 3091 sufficiat,
701 3013 739 3078 de
762 3034 816 3077 sex
845 3017 971 3077 tantum
998 3011 1076 3075 locis
1098 3010 1183 3076 viros

59 3115 134 3180 illos
157 3114 267 3181 doctos
290 3116 399 3181 eadem
421 3116 467 3181 uti
487 3116 653 3194 sententia,
676 3116 713 3181 de
733 3137 797 3199 quo
811 3121 917 3180 tamen
932 3135 1062 3178 numero
1085 3135 1183 3177 unum

59 3216 172 3282 statim
201 3217 324 3282 demere
353 3217 501 3284 debemus
528 3218 641 3284 locum.
686 3218 789 3284 Versu
818 3218 915 3295 enim,
942 3237 1036 3301 quem
1064 3216 1184 3281 indicat

58 3318 263 3384 Hermannus
294 3320 356 3385 668
386 3319 424 3384 N.
447 3325 480 3385 τί
503 3317 530 3386 δ’
554 3316 702 3408 ὀμφαλὸν
730 3327 787 3408 γῆς
815 3317 1006 3406 θεσπιῳδὸν
1035 3316 1182 3406 iuratam

58 3419 157 3486 editio
179 3419 309 3499 Aldina,
339 3443 420 3506 quae
446 3443 485 3487 ex
514 3421 621 3487 codiee
641 3422 788 3488 Palatino
817 3421 909 3486 valde
941 3421 1112 3506 depravato
1135 3426 1183 3486 est

59 3543 196 3589 excussa
225 3529 256 3588 et
277 3525 420 3590 nonnulli
442 3523 564 3590 codices
586 3546 645 3608 pro
673 3519 828 3612 ‘inritae'
851 3523 1005 3608 praebent
1030 3517 1180 3600 ίἱκοίνειξ.

60 3624 156 3704 Quod
176 3625 210 3691 in
231 3625 392 3711 Euripidis
419 3627 545 3705 fabula,
571 3649 652 3711 quae
677 3627 771 3691 hodie
797 3647 862 3691 non
884 3630 983 3696 extet,
1017 3625 1092 3690 olim
1114 3645 1182 3689 esse

59 3729 188 3806 lectum,
210 3727 376 3795 Elmsleius
399 3727 600 3813 suuspioatur
621 3729 655 3794 in
676 3751 720 3794 vs.
739 3727 810 3793 651.
845 3727 907 3793 Sed
924 3732 1009 3792 recte
1026 3728 1183 3810 glossema

131 3964 158 4029 1)
176 3963 254 4018 Conf.
273 3964 449 4027 Matthiaeus‚
468 3965 545 4020 Tem.
565 3965 676 4034 leag.
696 3964 799 4020 424.5.
810 3994 839 4002 --
858 3963 884 4032 2)
897 3965 998 4017 Adnot.
1008 3979 1072 4032 pag.
1081 3962 1178 4018 407.-

59 4049 87 4120 3)
106 4048 188 4103 Auel.
206 4049 270 4105 crit
284 4065 348 4119 pag.
366 4049 400 4105 90
418 4067 459 4119 sq.
477 4079 511 4090 -
528 4048 555 4117 4)
573 4050 592 4103 l.
611 4066 632 4104 c.
651 4066 715 4120 pag.
734 4048 792 4103 424.
