2738 4634
673 266 715 336 33

120 480 158 540 et
183 475 388 541 Athenienses
410 474 448 539 de
469 473 594 540 foedere
623 479 735 539 contra
757 473 941 541 Corinthios
963 473 1130 561 pangendo
1152 476 1250 544 Athe-

119 577 178 642 nis
201 581 275 642 acta
296 577 369 655 sint,
390 577 422 641 in
445 577 656 662 spectantium
673 578 857 643 memoriam
873 585 1060 645 revocentur
1069 581 1108 656 l).
1145 580 1250 663 Atque

118 679 177 744 his
201 685 404 764 opponuntur
425 679 543 759 laudes,
567 679 682 764 quibus
704 680 798 745 tertio
821 682 962 759 stasimo,
983 681 1056 745 inde
1078 702 1098 746 a
1116 704 1160 747 rs
1177 683 1250 761 824,

121 782 245 848 chorus
274 781 509 847 Atheniensium
543 786 661 846 terram
689 781 869 866 praedicat,
904 805 968 868 qua
997 805 1108 849 novem
1139 785 1248 850 Musas

121 885 215 970 ipsas
245 883 422 958 Harmonia
448 884 563 949 aluisse
593 885 724 961 dicitur,
756 906 821 969 qua
838 884 945 952 Venus
971 907 1135 952 rosearum
1164 894 1250 954 serta

122 985 251 1071 capillis
273 985 434 1051 innectens
449 985 627 1071 Sapientiae
649 987 778 1052 comites
800 988 965 1054 sociaverit
980 988 1119 1066 Amores,
1142 991 1247 1055 cuius-

120 1088 174 1153 vis
196 1088 323 1153 virtutis
345 1088 520 1167 adiutores,
542 1109 607 1172 qua
628 1089 751 1173 pulchri
769 1095 866 1174 atque
887 1091 1011 1156 honesti
1029 1092 1168 1157 studium
1190 1114 1243 1158 co·

121 1192 224 1269 latur,
245 1211 303 1255 nec
325 1191 463 1257 scelestis
484 1191 628 1256 incedere
648 1191 750 1256 liceat.
795 1190 841 1257 ef.
864 1213 925 1258 rss.
948 1193 1011 1258 830
1033 1215 1121 1277 sqq.:

484 1292 568 1360 ’ἔνθα
591 1290 672 1360 ποθ’
697 1289 794 1378 ἁγνὰς

433 1393 522 1462 ἐννέα
543 1395 696 1483 Πιερίόας
718 1394 851 1474 Μούσας
872 1397 999 1481 λέγουσι

434 1496 559 1577 ξανθὰν
579 1492 746 1585 Ἁρμονίαν
768 1505 935 1586 φυτεῦσαι.

122 1623 189 1668 uss.
213 1600 276 1666 846
299 1621 384 1682 sqq.:
436 1605 508 1679 πῶς
530 1591 586 1666 οὖν
608 1600 701 1684 ἱερῶν
723 1608 880 1685 ποταμῶν

432 1698 454 1788 ἢ
475 1700 573 1781 πόλις
594 1697 615 1791 ἢ
636 1704 742 1790 φίλων

432 1803 606 1887 πόμπιμός
628 1827 663 1870 σε
684 1802 773 1892 χώρα

432 1905 492 1973 τὰν
513 1905 759 1993 παιδολέτειραν
781 1903 853 1986 ἕξει,

432 2005 492 2075 τὰν
514 2006 570 2091 οὐχ
593 2004 695 2075 ὁσίαν.

212 2108 325 2175 Nonne
346 2109 475 2175 Periclis
496 2117 641 2196 tempora
667 2109 848 2176 clarissimis
870 2110 920 2175 his
941 2111 1089 2178 laudibus
1111 2112 1248 2180 efferun-

120 2214 200 2289 tur,
229 2212 345 2296 quibus
371 2213 501 2279 Athenis
527 2220 611 2278 artes
645 2218 676 2277 et
700 2213 825 2277 litterae
854 2234 926 2278 curn
956 2214 1070 2279 virtute
1097 2216 1179 2280 civili
1208 2217 1247 2283 de

124 2335 247 2381 corona
276 2314 465 2380 certabant?
509 2316 558 2379 An
586 2315 763 2400 putandum
793 2320 856 2381 est.
893 2316 970 2381 haec
995 2315 1178 2402 Euripidem
1209 2340 1246 2383 eo

123 2422 268 2501 tempore
283 2416 476 2502 scripturum
491 2417 598 2495 fuisse,
614 2440 676 2502 quo
691 2439 742 2482 res
757 2416 995 2482 Atheniensium
1010 2417 1054 2483 sic
1072 2424 1164 2484 erant
1178 2427 1246 2485 tur-

124 2518 231 2595 batae,
254 2523 291 2583 ut
312 2538 436 2584 summa
457 2520 608 2585 anarchia
630 2520 760 2584 Athenis
782 2517 925 2597 floreret,
957 2539 1021 2602 quo
1050 2541 1115 2584 non
1145 2522 1248 2587 solum

124 2620 247 2686 externi
273 2621 379 2685 hostes
415 2622 551 2705 patriam
586 2623 814 2707 opprimerent,
852 2621 906 2686 sed
934 2621 1086 2686 intestina
1112 2624 1248 2690 maxime

124 2721 286 2787 discordia
307 2723 385 2787 ordo
408 2743 446 2788 ac
473 2724 559 2789 salus
581 2745 708 2810 pessum
731 2725 872 2807 daretur;
904 2744 968 2806 quo
990 2722 1157 2808 Euripides
1179 2727 1246 2810 ipse

123 2830 217 2889 tanto
240 2828 354 2903 status,
377 2846 439 2908 quo
462 2831 531 2890 erat
552 2847 602 2891 res
624 2827 762 2911 publica,
791 2824 896 2889 taedio
918 2823 1107 2902 afficeretur,
1129 2833 1166 2890 ut
1187 2829 1246 2893 ali-

123 2947 257 2992 enorum
278 2927 441 2991 hominum
462 2929 719 2993 consuetudinem
751 2933 848 3011 atque
874 2927 1047 2992 amicitiam
1070 2937 1246 3011 quaereret,

123 3029 192 3093 sine
214 3049 280 3111 qua
302 3029 391 3093 senili
412 3034 518 3093 aetate
540 3051 611 3095 cum
634 3031 698 3095 otio
721 3034 753 3094 et
774 3029 927 3112 dignitate
949 3029 1011 3094 frui
1030 3051 1093 3093 non
1111 3030 1245 3096 licet.-

211 3128 271 3195 Sed
293 3130 369 3195 hacc
392 3131 519 3213 quidem
539 3130 701 3198 hactenus.
733 3131 927 3215 Quocunque
948 3137 980 3195 te
1004 3132 1144 3209 verteris,
1165 3155 1243 3198 nus-

122 3253 223 3316 quam
250 3239 471 3315 argumentum
507 3234 646 3299 invenies
680 3235 758 3299 satis
790 3239 924 3311 eertum,
959 3238 1017 3297 aut
1045 3234 1109 3297 veri
1139 3235 1247 3313 simile,

124 3356 191 3418 quo
215 3333 433 3399 demonstrare
454 3337 568 3419 possis,
589 3335 771 3420 Euripidem
792 3335 936 3400 Medeam
957 3335 1071 3399 iterum
1086 3337 1247 3415 edidisse,

122 3441 184 3502 aut
213 3436 341 3501 omnino
368 3457 497 3502 causam
521 3437 687 3514 hahuisse,
717 3458 773 3502 eur
800 3438 914 3503 iterum
936 3437 1049 3501 ederet.
1094 3437 1162 3502 Nisi
1185 3440 1249 3502 alia

122 3539 262 3603 certiora
291 3536 468 3604 afferantur
500 3546 687 3622 argumenta
718 3539 751 3602 in
783 3560 819 3604 eo
852 3539 1116 3622 acquiescendum
1155 3541 1246 3605 nobis

121 3661 194 3707 esse
215 3661 343 3722 censeo,
368 3640 559 3719 Medeam,
581 3662 699 3725 quarn
727 3641 930 3718 habemus,
960 3640 1124 3707 eandem
1146 3663 1245 3718 esse,

122 3763 224 3826 quae
246 3741 299 3807 Ol.
323 3741 544 3820 LXXXVII,
568 3744 584 3807 1
608 3743 648 3806 in
671 3763 857 3807 scaenam
878 3743 1000 3808 missa
1021 3749 1090 3807 est.

210 3843 301 3923 Quod
323 3845 441 3929 optime
470 3865 542 3911 oum
563 3844 601 3910 iis
624 3845 806 3923 convenire,
835 3865 917 3930 quae
944 3845 978 3909 in
1005 3844 1186 3912 universum
1207 3845 1246 3912 de

124 3998 328 4011 m

192 4065 219 4131 1)
237 4065 278 4120 Cf.
298 4064 422 4132 Thucyd.
441 4064 463 4119 I.
482 4061 586 4118 32-44

1027 4157 1041 4204 3
