2738 4634
662 236 760 343 31-

119 459 190 523 qua
210 439 337 524 quidem
367 439 450 509 ratio
477 440 548 526 ipsa
570 442 689 507 corruit
711 480 766 519 —‚
797 441 931 520 accedit,
961 442 1046 527 quod
1075 463 1172 526 quam
1194 443 1243 509 in-

119 548 210 608 certo
240 563 334 628 saepe
359 549 520 609 uteremur
546 544 750 610 fundamento
779 546 812 610 in
841 544 1001 630 Euripidis
1030 545 1147 610 fabulis
1176 552 1245 610 arte

120 645 237 710 critica
272 646 448 711 tractandis
484 647 742 731 perploravimus.
794 646 940 724 Codices,
978 647 1092 730 quibus
1126 648 1246 711 utimur

120 746 229 811 saeclo
266 747 391 812 demum
428 748 611 814 duodecimo
650 769 688 812 ex
724 748 805 813 libro
833 745 962 813 fluxisse
998 749 1116 813 recenti
1149 754 1246 831 atque

118 849 262 932 graviter
284 849 455 934 depravato
478 856 510 917 et
531 852 740 936 interpolato,
763 852 888 916 scimus.
933 850 982 914 Ex
1009 851 1122 915 talium
1148 851 1245 934 igitur

119 949 268 1015 codicum
300 953 465 1038 scripturis
497 954 749 1038 discrepantibus
777 954 811 1018 in
839 955 922 1017 hanc
944 953 1161 1036 quaestionem
1186 975 1244 1019 nos

119 1052 245 1136 aliquid
282 1075 349 1119 esse
381 1054 579 1140 profecturos
613 1056 818 1140 putabimus?
863 1057 912 1118 An
946 1055 1080 1121 Aldinae
1114 1055 1246 1120 editioni

118 1154 313 1219 immeritam
344 1157 521 1222 tribuamus
549 1158 758 1241 gravitatem?
800 1157 913 1242 Itaque
943 1163 974 1221 ct
1003 1158 1085 1222 hanc
1114 1158 1244 1222 missam

118 1255 276 1323 faciamus
298 1261 612 1343 argumentationem.

208 1632 357 1699 Nondum
380 1635 422 1700 ad
443 1634 538 1700 finem
559 1636 756 1720 pervenimus
778 1635 872 1700 huius
894 1635 1126 1720 disputationis.
1164 1634 1243 1700 Cum

121 1757 198 1813 nos,
221 1737 353 1802 sirecte
375 1737 571 1823 disputatum
593 1745 654 1816 est,
677 1760 836 1824 neunum
858 1738 985 1821 quidem
1005 1739 1174 1823 probalile‚
1203 1760 1243 1803 ne

120 1838 263 1904 dicamus
292 1844 413 1904 certum
442 1847 676 1924 argumentum,
713 1861 776 1926 quo
813 1841 928 1904 iterum
955 1840 1099 1906 Medeam
1125 1841 1243 1906 editam

121 1961 191 2005 esse
213 1941 423 2007 demonstrari
445 1949 555 2027 posset
575 1944 804 2021 invenerimus,
830 1943 852 2007 ii
879 1942 934 2027 qui
956 1964 1014 2027 pro
1038 1943 1154 2028 duplici
1176 1943 1242 2008 edi-

121 2043 208 2108 tione
225 2051 377 2128 pugnent,
400 2066 518 2110 annum
534 2067 663 2131 quoquc
677 2046 857 2124 ostendunt,
879 2067 943 2129 quo
964 2046 1078 2110 iterum
1097 2043 1161 2108 fere
1175 2045 1243 2109 Me-

121 2143 213 2210 deam
237 2145 404 2231 Euripides
434 2147 467 2211 in
491 2168 639 2212 scaenam
672 2149 802 2214 miserit.
853 2147 1063 2226 Boeckhius¹)
1094 2148 1243 2213 iteratam

122 2247 290 2313 editionem
311 2248 430 2314 factam
452 2271 520 2316 esse
542 2251 703 2316 contendit
723 2248 808 2335 ‘post
830 2249 877 2315 Ol.
899 2249 990 2326 XCI,
1012 2251 1047 2327 3,
1070 2272 1134 2333 quo
1157 2271 1242 2316 anno

122 2348 217 2414 docta
233 2349 586 2435 Thesmophoriazusae‚
600 2350 699 2417 ‘cuius
715 2375 760 2418 vs.
781 2352 862 2417 1019
877 2353 948 2417 coII.
963 2353 1123 2435 Musgrav.
1142 2350 1241 2416 Chro-

121 2451 184 2515 nol.
209 2450 326 2517 Scenic.
351 2453 399 2518 01.
421 2452 502 2530 XCI,
524 2455 544 2518 2
567 2461 598 2519 et
615 2451 654 2518 3?
687 2454 828 2519 Primum
849 2456 1040 2520 monendum
1063 2462 1121 2533 est,
1143 2454 1240 2520 Thes-

120 2555 380 2638 mophoriazusas
403 2578 468 2622 non
490 2555 538 2621 01.
560 2555 646 2634 XCI,
668 2557 738 2621 3in
762 2579 908 2622 scaenam
935 2579 1001 2623 esse
1022 2558 1155 2637 missas,
1187 2556 1241 2620 sed

121 2676 206 2720 anno
229 2656 353 2722 demum
377 2657 423 2724 Ol.
446 2658 549 2736 XCII,
578 2659 594 2722 1
617 2659 776 2744 Dionysiis
799 2660 929 2725 urbanis
938 2662 977 2735 2).
1021 2660 1070 2723 Ex
1092 2658 1241 2724 Boeckhii

121 2758 219 2840 igItur
245 2762 401 2825 sententia
430 2767 504 2846 post
526 2760 572 2827 01.
597 2760 694 2837 XCII,
722 2764 738 2824 1
771 2760 895 2827 demum
917 2761 1030 2826 Medea
1058 2762 1173 2826 iterum
1195 2768 1243 2826 est

121 2860 217 2924 edita.
261 2862 348 2928 Inter
369 2865 504 2948 primam
526 2864 624 2948 igitur
646 2869 677 2929 et
699 2864 832 2929 alteram
850 2864 1028 2941 editionem,
1050 2865 1077 2929 si
1099 2887 1170 2929 eum
1193 2886 1243 2929 se-

121 2965 258 3046 quimur,
279 2965 391 3048 viginti
412 2988 568 3032 annorum
600 2968 738 3050 spatium
759 2966 980 3050 interpositum
1004 2973 1071 3043 est,
1098 2967 1172 3031 inde
1201 2968 1242 3031 ab

122 3064 169 3130 Ol.
194 3066 385 3146 LXXXVII,
410 3069 426 3132 1
451 3069 492 3134 ad
515 3067 562 3133 OI.
585 3068 682 3146 XCII,
707 3070 733 3133 1.
777 3069 845 3132 Iam
867 3089 956 3147 vero,
985 3073 1131 3153 potestne
1155 3071 1241 3152 cogi·

120 3169 194 3246 tari,
216 3167 399 3255 Euripidem
420 3176 470 3234 tot
491 3172 583 3236 annis
605 3177 678 3256 post
696 3172 918 3255 Aristophanis
937 3172 1082 3238 irrisIone
1102 3194 1241 3238 commo·

120 3276 191 3334 tum
217 3293 300 3350 esse,
326 3279 363 3337 ut
389 3272 517 3338 Medeae
549 3295 624 3339 suae
654 3274 749 3338 aliam
777 3274 899 3339 inderet
925 3273 1083 3339 formam?
1126 3274 1184 3345 Et.
1206 3281 1244 3340 ut

121 3393 297 3457 ponamus,
325 3376 388 3439 sive
410 3376 631 3460 Aristophanis
659 3375 737 3440 iocis
768 3377 832 3440 sive
853 3376 1088 3442 Corinthiorum
1109 3377 1243 3459 pecunia

121 3482 314 3553 commotum
336 3498 408 3542 eum
430 3498 512 3554 esse,
534 3484 571 3542 ut
592 3478 736 3542 Medeam
757 3479 872 3542 iterum
895 3478 1010 3555 ederet,
1034 3516 1074 3524 -—
1096 3484 1242 3563 potestne

122 3577 269 3658 cogitari,
302 3578 442 3662 singulas
469 3584 595 3643 tantum
623 3579 749 3646 fabulae
777 3587 902 3665 partes,
933 3603 1016 3664 quae
1044 3582 1086 3646 ad
1106 3586 1241 3646 mortem

121 3718 324 3725 .—-—.—.—.

189 3781 216 3848 1)
233 3782 252 3834 l.
270 3798 292 3836 c.
312 3799 374 3851 pag.
394 3781 451 3836 174.
462 3812 496 3820 —
513 3781 540 3845 2)
560 3781 600 3834 Oi.
620 3783 703 3836 schol.
723 3782 759 3834 ad
776 3799 817 3837 vs.
829 3782 909 3838 1069:
928 3779 989 3836 ἐπεὶ
1006 3783 1119 3857 πέρυσιν
1138 3781 1241 3854 ἓδιδαχ-

121 3871 158 3930 δη
176 3865 191 3931 ἡ
208 3865 385 3940 Ἀνδρομέδα,
404 3882 486 3934 quam
505 3866 549 3920 01.
567 3867 638 3930 XCI,
656 3867 674 3920 4
690 3874 778 3922 actam
797 3883 869 3931 esse,
888 3883 921 3920 ex
940 3869 1024 3922 schol.
1040 3870 1088 3921 Ar.
1105 3869 1172 3922 Ran.
1192 3869 1238 3922 53:

123 3949 137 4015 ἡ
154 3950 210 4024 γὰρ
227 3949 389 4025 Ἀνδρομέδα
408 3950 497 4022 ὀγδόῳ
515 3949 620 4006 ἔτει-
638 3959 703 4008 ante
721 3952 765 4008 Ol.
782 3951 882 4017 XCIII,
899 3951 964 4005 3-
981 3957 1158 4027 προεισῆκται
1175 3967 1240 4006 con·

123 4039 190 4100 stat;
210 4037 264 4090 vid.
283 4037 412 4091 Dindorf.
431 4037 531 4095 chron.
551 4039 630 4093 Scen.
648 4055 711 4108 pag.
730 4038 788 4094 418.
806 4037 847 4090 19.
