2738 4634
671 181 822 285 ‚²ss

190 387 350 453 Porsonus
373 384 477 464 πύλας
498 405 606 450 rocem
627 405 686 470 pro
708 383 821 469 λόγους
841 386 985 469 posuisse
1006 390 1100 470 putat
1113 385 1307 471 Euripidem,

189 491 230 557 ab
248 489 460 573 Aristophane
480 493 610 573 propter
634 487 792 552 duriorem
814 488 1032 571 metaphoram
1053 486 1087 550 in
1105 509 1221 555 scaena
1238 494 1306 554 tra-

191 591 327 656 ductum.
350 628 391 638 -—
422 589 538 654 Verum
564 589 686 654 videtur
709 588 865 654 iudicasse
889 588 1128 673 Doeringius1),
1159 590 1309 674 quicum

191 693 230 760 ob
253 693 350 759 rerba
363 692 584 777 praecedentia
605 691 684 756 nihil
704 690 766 755 nisi
785 686 831 755 ‘ei
852 689 947 768 τάςδε
970 702 1069 769 κινεῖς
1090 687 1309 776 κάναμοχλεύ-

190 819 237 874 εις
259 792 372 873 astar
394 794 577 880 Euripidem
599 793 735 859 scribere
755 793 897 877 potuisse
918 793 1102 871 contendat,
1123 794 1207 861 hanc
1231 796 1309 862 satis

86 909 91 916 '
191 898 368 981 quaesitam
387 895 555 962 dictionem
569 895 813 981 Aristophanem
835 916 871 959 eo
895 894 1074 961 traduxisse
1095 901 1198 980 putat,
1223 897 1309 981 quod

189 998 408 1085 Phidippidem
430 997 673 1082 sophisticarum
702 998 818 1063 artium
842 997 978 1091 peritum
1009 995 1111 1082 λόγων
1133 998 1309 1088 μοχλευτήν

190 1101 372 1186 appellaret.
410 1099 530 1165 Deinde
545 1099 688 1164 criticum
703 1098 861 1183 quendam
874 1103 1058 1184 putantem,
1081 1097 1311 1183 ἀναμοχλεύεις

190 1202 303 1289 λόγους
335 1202 517 1287 Euripidem
551 1200 730 1285 scripsisse,
759 1202 825 1266 eius
854 1201 951 1285 rerba
984 1202 1165 1268 correxisse.
1216 1202 1311 1269 Hanc

190 1311 295 1370 autem
317 1305 438 1370 variam
460 1303 650 1388 scripturam
672 1302 775 1368 aOhr.
793 1303 863 1369 Pat.
886 1305 1039 1389 scriptore
1060 1310 1093 1369 et
1113 1303 1191 1369 locis
1210 1327 1311 1390 supra

190 1407 295 1472 citatis
324 1427 392 1472 esse
417 1405 576 1471 traditam.
622 1403 679 1470 Cui
707 1405 823 1470 rationi
854 1405 941 1471 haud
965 1406 1111 1489 ingratae
1137 1406 1216 1472 nihil
1250 1408 1310 1473 ad-

191 1507 331 1573 diderim.
353 1544 396 1554 -
416 1506 564 1572 Errorem
587 1507 754 1590 quendam,
777 1529 840 1590 quo
862 1507 1055 1573 Matthiaeus
1078 1508 1187 1574 dehis
1210 1511 1310 1577 versi-

190 1610 249 1676 bus
273 1610 439 1694 disputans
461 1614 574 1694 captus
597 1613 646 1674 est
660 1608 782 1674 silentio
800 1609 885 1674 haud
899 1610 1173 1694 praetermiserim.
1209 1612 1310 1678 Mira-

190 1718 244 1776 tur
274 1712 357 1776 enim
385 1711 432 1775 vir
453 1710 670 1788 doctissimus,
700 1712 727 1777 si
754 1710 921 1796 Euripides
949 1734 984 1777 re
1012 1735 1086 1779 vera
1115 1708 1312 1782 ‘irrisionum

190 1819 257 1878 tam
278 1814 445 1898 impatiens
468 1818 547 1891 erat,
567 1819 604 1877 ut
625 1834 722 1878 unam
745 1833 852 1879 vocem
872 1800 988 1902 ‘codd'
1017 1816 1168 1882 hocloco
1190 1819 1310 1884 exime-

190 1920 248 1994 ret,
269 1917 304 1980 in
324 1915 432 1981 multis
454 1916 525 1981 aliis
546 1911 760 1999 relinqueret‚³
793 1916 872 1981 ahos
902 1938 1010 1983 versus
1032 1918 1072 1984 ab
1096 1919 1312 2005 Aristophane

190 2017 299 2084 irrisos
322 2039 393 2082 eum
413 2040 479 2082 non
499 2021 660 2095 mutasse,
679 2017 774 2083 ¹velut
802 2019 937 2102 primum
961 2019 1089 2086 Medeae
1110 2042 1250 2101 versum,
1277 2025 1312 2087 in

190 2120 289 2185 Ranis
311 2141 355 2185 vs.
381 2118 462 2186 1382
483 2118 619 2185 illusum.
665 2119 725 2187 Sed
748 2119 864 2186 oblitus
887 2128 936 2186 est
958 2121 1162 2201 Matthiaeus,
1184 2125 1311 2210 Euripi-

192 2222 263 2286 dem
284 2221 349 2286 iam
369 2243 432 2287 non
455 2221 590 2287 valuisse
611 2226 735 2287 mutare
755 2221 788 2286 id
811 2224 896 2308 quod
912 2225 1138 2310 Aristophanes
1156 2226 1313 2306 irriserat,

191 2345 263 2388 oum
277 2324 304 2389 is
318 2330 444 2389 mortuo
462 2323 587 2388 demum
601 2322 751 2408 Euripide
765 2324 873 2391 Ranas
891 2327 1102 2392 conscriberet
1120 2332 1152 2391 et
1165 2329 1313 2410 Lenaeis‚

190 2425 223 2490 id
246 2430 294 2489 est
316 2425 447 2510 septimo
469 2424 617 2503 eiusdem,
639 2423 686 2490 01.
711 2426 763 2505 93,
784 2429 804 2492 3
826 2429 903 2494 anni
924 2449 1030 2494 mense
1052 2429 1186 2495 doceret.

274 2525 424 2592 Videmus
459 2525 556 2610 igitur
588 2527 671 2592 inter
699 2530 805 2595 omnia
834 2530 928 2595 huius
960 2531 1081 2614 generis
1110 2540 1312 2615 argumenta,

192 2649 274 2712 quae
295 2627 337 2692 ad
359 2627 636 2693 demonstrandam
656 2629 805 2696 iteratam
826 2629 956 2696 Medeae
980 2631 1147 2699 editionem
1169 2634 1313 2702 afferan-

65 2724 69 2728 “
192 2735 245 2795 tur
266 2730 318 2794 vix
339 2751 437 2795 unum
459 2748 536 2808 esse,
558 2731 645 2814 quod
663 2732 898 2817 probabilitatis
921 2733 1054 2817 speciem
1067 2756 1145 2819 prae
1167 2759 1201 2804 se
1217 2739 1313 2819 ferat,

192 2832 307 2898 nedum
329 2832 368 2898 de
388 2832 504 2918 duplici
527 2833 663 2900 editione
683 2835 776 2900 nobis
798 2835 1035 2920 persuadeatur.

723 3018 779 3087 lv.

278 3156 414 3222 Restant
435 3156 498 3223 duo
520 3177 636 3241 genera
657 3162 931 3242 argumentomm,
954 3180 1089 3243 quorum
1109 3161 1198 3245 prius
1219 3164 1312 3248 posi-

191 3264 260 3324 tum
283 3264 330 3323 est
350 3258 384 3323 in
405 3259 545 3326 versibus
568 3259 617 3325 rel
644 3260 806 3327 sententiis
837 3261 886 3327 his
907 3262 940 3326 in
961 3260 1071 3327 fabuia
1100 3265 1313 3346 exstantibus,

191 3361 335 3438 alterum,
356 3361 390 3426 in
411 3360 507 3428 variis
529 3362 667 3428 eiusdem
688 3362 749 3429 loci
764 3362 907 3429 codicum
928 3363 1123 3429 lectionibus.
1168 3365 1251 3443 Quid
1269 3369 1312 3434 de

190 3463 296 3547 priore
317 3463 359 3528 sit
381 3463 596 3542 statuendum,
618 3471 807 3549 reputemus.
850 3466 916 3530 Aut
943 3469 1056 3551 poetae
1083 3466 1145 3550 ipsi
1173 3473 1231 3532 aut
1253 3469 1310 3535 alii

190 3564 315 3631 cuidam
337 3565 484 3633 debemus
505 3567 576 3634 illas
598 3568 807 3652 repetitiones.
852 3567 913 3634 Sed
943 3567 1100 3652 quomodo
1132 3567 1166 3632 id
1187 3569 1311 3638 factum

191 3686 259 3732 esse
279 3667 384 3734 animo
411 3668 675 3736 informabimus?
718 3670 763 3736 Ut
783 3692 954 3756 ponamus,
974 3673 1116 3755 potitam
1146 3677 1203 3737 aut
1225 3695 1310 3757 qua·

190 3768 268 3833 libet
289 3790 385 3852 quam
406 3771 579 3850 nescimus,
607 3792 705 3838 causa
726 3779 934 3850 commotum,
965 3777 1022 3838 aut
1050 3773 1135 3856 quod
1156 3773 1236 3840 haec
1252 3776 1312 3841 illa

260 3973 286 4038 1)
304 3973 321 4026 l.
339 3988 361 4028 c.
380 3987 443 4042 pag.
461 3971 520 4028 225.
