2738 4634
674 205 694 269 6

609 299 759 308 -κ--ι--ο-

207 410 318 475 Totius
333 408 460 474 fabulae
475 407 660 492 compositio
676 410 827 471 mutetur.
872 406 963 483 Quod
984 407 1028 471 sic
1045 406 1112 471 fieri
1130 413 1247 491 potest,

122 520 159 579 ut
180 516 276 598 poeta
298 512 439 596 qualibet
457 530 553 575 causa
571 514 759 586 commotus
781 509 827 572 its
842 508 944 573 denuo
962 508 1104 574 fabulam
1119 515 1247 586 tractet,

28 644 31 649 ·
122 622 158 682 ut
180 617 245 680 eius
268 619 488 707 argumentum
514 613 547 676 in
568 612 750 676 universum
771 611 871 689 idem,
900 612 1059 677 tractandi
1086 612 1169 676 ratio
1198 611 1247 674 di-

123 739 214 783 verse
244 717 294 781 sit.
344 713 438 780 Cuius
469 698 602 781 rationis
631 713 792 797 Euripidis
825 714 923 798 ipsius
953 714 1106 779 habemus
1137 733 1246 777 exem-

122 821 218 905 plum.
263 819 293 883 Is
324 819 423 896 enim,
456 840 528 882 cum
555 815 731 881 Choerilum
766 816 799 879 in
827 816 1063 881 matrimonium
1096 816 1249 893 duxisset,

123 921 318 1006 impudicitia
339 921 405 985 eius
423 926 599 985 commotus
620 918 732 982 drame
746 919 969 1002 conscripsisse
991 918 1100 996 fertur,
1121 919 1247 1002 Hippo-

124 1026 225 1109 lytum
242 1023 390 1100 velatum,
409 1045 472 1107 quo
488 1022 619 1087 feminas
635 1021 835 1086 acerbissime
854 1021 1054 1105 castigaverit
1067 1024 1102 1098 ¹).
1133 1021 1251 1085 Postea

124 1132 230 1191 autem
252 1125 403 1202 alterum,
426 1124 512 1208 quod
534 1124 575 1189 ad
597 1145 655 1189 nos
677 1124 834 1208 pervenit,
864 1124 975 1189 drama
997 1125 1139 1208 scripsit,
1167 1124 1249 1208 Hip·

127 1228 270 1313 polytum
301 1233 507 1304 coronatum,
546 1227 578 1290 in
617 1248 680 1310 quo
714 1223 762 1292 ‘ud
797 1222 940 1313 ἀπρεπὲς
972 1229 1026 1292 καὶ
1058 1232 1252 1314 κατηγορίας

126 1327 216 1409 ἄξιον
239 1326 479 1415 διώρθωταίῖ).
505 1366 545 1374 -
566 1329 654 1395 Haeo
672 1329 773 1394 altera
792 1329 888 1394 editio
912 1328 1033 1414 Olymp.
1057 1329 1251 1407 LXXXVII,

124 1433 146 1496 4
174 1432 207 1495 in
239 1453 366 1497 scenam
394 1432 492 1497 missu
520 1436 582 1507 est,
609 1430 641 1494 id
671 1436 718 1496 est
748 1452 832 1496 anno
861 1438 935 1515 post
956 1432 1084 1496 Periclis
1115 1432 1252 1508 obitum,

126 1557 184 1599 nec
206 1535 271 1598 veri
294 1534 444 1598 dissimile
459 1539 516 1610 est,
541 1533 626 1616 quod
641 1533 845 1611 Boeolrhius³)
869 1534 980 1599 (locere
1004 1535 1134 1612 studuit,
1156 1535 1251 1598 Euri-

125 1638 231 1722 pidem
255 1638 338 1700 hanc
369 1635 511 1700 fabulam
538 1636 683 1700 consulto
713 1636 757 1700 sic
779 1637 971 1714 instituisse,
997 1644 1034 1702 ut
1064 1644 1095 1702 et
1122 1637 1252 1701 Periclis

126 1740 244 1805 mortui
270 1745 302 1802 et
323 1738 426 1803 morbi
448 1760 547 1823 nuper
570 1739 700 1804 Athenis
727 1741 865 1824 grassati
893 1741 1048 1806 rationem
1070 1740 1251 1815 haberet4).

127 1843 165 1907 ln
183 1841 385 1905 diiudicanda
406 1847 513 1906 autem
534 1841 594 1906 hac
616 1843 739 1907 ratione
760 1850 886 1927 praeter
908 1844 971 1908 alio
996 1843 1029 1907 id
1050 1843 1186 1907 maxime
1206 1842 1253 1905 vi·

128 1945 265 2010 dendum
300 1948 364 2021 est,
398 1948 554 2026 quantum
586 1946 736 2030 temporis
770 1946 908 2029 spatium
937 1948 1018 2010 inter
1050 1947 1188 2030 priorem
1221 1951 1255 2008 et

127 2047 336 2132 posteriorem
380 2045 549 2110 editionem
594 2047 635 2111 sit
675 2048 905 2132 interpositum.
963 2049 1123 2127 Quantum
1170 2047 1254 2111 enim

129 2150 296 2215 discrimen
329 2147 504 2213 intercedat
533 2149 616 2213 inter
644 2151 766 2233 priores
789 2149 950 2235 Euripidis
981 2150 1106 2216 fabulas
1136 2155 1255 2225 utens,

131 2274 212 2336 quas
252 2251 426 2337 posteriore
466 2255 570 2315 aetate
608 2253 814 2338 conscripsit,
850 2258 882 2318 et
921 2254 974 2318 alii
1009 2254 1184 2319 docuerunt
1224 2257 1256 2315 et

130 2355 209 2419 God.
247 2354 506 2431 Hermannusq,
547 2354 602 2436 qui
642 2355 750 2419 critico
778 2352 962 2441 ‘antequam
996 2356 1037 2420 sd
1074 2356 1255 2422 tabidarum

131 2456 383 2521 emendationem
406 2455 545 2533 accedat,
569 2477 633 2539 quo
657 2478 800 2542 quaeque
822 2465 964 2543 tempore
993 2459 1112 2543 scripta
1139 2459 1194 2535 sit,
1224 2465 1256 2523 et

130 2559 273 2644 proinde,
296 2558 505 2641 quantumin
529 2580 656 2642 quaque
679 2560 774 2626 studii
797 2569 853 2627 aut
874 2561 1014 2626 incuriae
1036 2561 1110 2625 ferri
1131 2559 1252 2645 possit‚'

130 2659 385 2744 investigandum
400 2661 564 2744 praecipit.
609 2661 700 2740 Quod
723 2669 878 2746 quantum
893 2665 1005 2738 valeat,
1029 2663 1137 2727 elucet.
1169 2661 1254 2726 Nam

131 2764 157 2829 si
179 2766 276 2847 poeta
297 2761 438 2827 fabulam
459 2783 591 2846 prorsus
615 2769 728 2842 mutat,
751 2772 788 2829 ut
809 2767 902 2849 quasi
926 2787 1041 2831 novum
1064 2765 1147 2843 edet,
1169 2766 1253 2829 hunc

131 2886 201 2930 eam
224 2864 336 2928 debere
358 2864 492 2948 speciem
513 2887 591 2950 prae
621 2888 654 2931 se
676 2868 756 2932 ferre
786 2869 987 2933 manifestum
1015 2875 1080 2946 est,
1110 2889 1191 2951 quac
1220 2868 1254 2929 in

132 2967 202 3031 aliis
225 2965 364 3029 eiusdem
386 2967 501 3032 aetatis
523 2967 640 3033 fabulis
662 2970 808 3034 cernitur.
853 2972 959 3054 Atque
990 2991 1026 3036 eo
1049 2970 1150 3035 maius
1171 2969 1255 3033 inter

132 3068 212 3133 duas
234 3067 305 3132 illas
328 3065 479 3133 editiones
502 3071 562 3135 erit
584 3071 768 3150 discrimen,
796 3094 859 3155 quo
882 3075 984 3139 maius
1006 3073 1155 3157 temporis
1179 3092 1254 3154 spc-

132 3170 212 3234 tium
234 3168 456 3254 interpositum
478 3177 534 3236 est.
580 3173 689 3257 Neque
717 3197 790 3240 vero
818 3175 1008 3241 eredendum
1035 3181 1100 3253 est,
1127 3178 1255 3258 poetam

133 3272 238 3356 ipsum
258 3271 336 3336 adeo
361 3293 466 3337 secum
489 3273 690 3355 dissensisse,
723 3284 760 3343 ut
790 3280 886 3344 etiam
907 3281 940 3343 in
962 3278 1092 3361 singulis
1116 3278 1255 3342 eiusdem

91 3426 94 3433 .
135 3373 250 3438 aetatis
272 3373 388 3439 fabulis
410 3398 542 3460 prorsus
573 3379 730 3447 diversam
757 3381 964 3466 componendi
992 3401 1031 3444 ac
1057 3379 1177 3444 dicendi
1201 3402 1254 3443 ra-

134 3476 252 3539 tionem
292 3483 483 3558 sequeretur.
544 3481 640 3549 Cuius
678 3485 873 3568 quaestionis
910 3481 1131 3567 disceptandas
1174 3505 1256 3547 nova

204 3748 230 3810 1)
248 3745 314 3798 Vita
332 3745 427 3817 Eurip.
445 3751 473 3803 in
494 3754 584 3810 Schol.
604 3758 645 3810 ed.
665 3756 773 3820 Oxonii,
792 3757 846 3810 vol.
868 3755 884 3809 l.
904 3771 968 3823 pag.
984 3755 1008 3815 8,
1026 3754 1049 3806 7.
1063 3783 1096 3792 -
1113 3752 1140 3816 2)
1159 3753 1255 3818 Argni.

136 3844 230 3910 Eurip.
248 3831 361 3898 HiPP01·
389 3863 419 3872 ··
446 3836 475 3903 3)
494 3841 511 3892 l.
533 3857 554 3894 c.
573 3858 637 3910 pag.
657 3842 708 3895 180
726 3859 785 3910 sqq.
811 3869 842 3878 -
868 3838 895 3906 4)
913 3839 991 3892 Conf.
1011 3837 1156 3905 Hippolyti
1174 3838 1256 3888 finem

137 3938 165 3986 et
190 3949 246 3988 uss.
274 3917 331 3986 177,
366 3923 414 3976 190
442 3938 502 3991 sqq·
533 3956 567 3964 -
601 3926 630 3993 5)
656 3928 689 3982 ln
719 3927 865 3981 Observat.
898 3926 934 3979 de
967 3925 1015 3979 Gr.
1047 3924 1160 3991 linguae
1192 3922 1257 3974 dial.

137 4035 201 4088 pag.
222 4019 273 4074 IX.
