2738 4634
610 293 758 400 --.11-

368 497 446 564 Fab.
617 496 711 563 acc*
789 517 857 580 gen.
973 497 1038 561 dat.

325 600 444 666 Phoen.
609 601 683 678 224
788 596 861 675 346
967 597 1040 673 374

325 701 394 787 Iph.
418 703 488 768 Aul.
607 703 659 781 23
786 698 861 772 3,ἵὸ
967 698 1039 778 353

327 802 429 870 Orest.
605 803 678 882 219
785 801 856 879 317
964 801 1039 878 4‚3s

326 905 462 972 Hercf.
608 904 682 987 2,14
788 904 860 981 3‚77
968 903 1049 980 3‚ll.

209 1009 300 1087 Quod
322 1009 355 1072 in
370 1009 436 1075 Alc.
458 1014 490 1074 et
507 1007 589 1093 Cycl.
612 1009 737 1074 dativus
759 1012 886 1071 tantum
908 1006 1089 1091 praevaleat
1107 1004 1241 1069 Momm-

120 1133 217 1176 senus
240 1111 282 1176 ad
303 1110 508 1176 artificiosam
531 1111 739 1176 elocutionem
768 1108 921 1173 dramatis
949 1107 1078 1193 satyrici
1106 1105 1242 1170 referen-

119 1213 199 1278 dum
225 1218 327 1297 putat.
376 1212 414 1276 ln
440 1212 565 1278 Heracl.
599 1212 678 1277 Med.
707 1212 804 1276 Andr.
836 1210 997 1295 genetivus
1028 1209 1124 1274 etiam
1149 1227 1242 1290 prae-

120 1314 224 1391 valet,
254 1313 365 1379 deinde
391 1314 559 1399 paullatim
589 1314 787 1379 accusativus
816 1313 982 1397 imperium
1004 1310 1138 1388 obtinet,
1168 1308 1242 1373 Hcc.

120 1416 232 1501 Hipp,
254 1421 312 1481 etc.
335 1415 505 1482 Genetivns
528 1422 560 1481 et
581 1417 715 1481 Dativus
744 1416 777 1479 in
798 1414 1026 1499 posterioribus
1055 1431 1173 1495 aequas
1195 1416 1242 1476 te-

123 1524 204 1582 nent
224 1523 341 1602 partes.
365 1556 400 1565 -
429 1519 546 1597 Quanti
568 1519 682 1584 harum
704 1519 863 1584 rationum
885 1517 1022 1601 cognitio
1044 1514 1195 1581 momenti
1213 1518 1244 1579 et

120 1621 157 1685 in
179 1620 388 1686 diiudicandis
414 1620 536 1686 iteratis
559 1620 748 1687 editionibus
772 1621 822 1699 sit,
845 1624 987 1705 apparet.
1031 1618 1145 1702 Itaque
1166 1616 1244 1681 haec

119 1723 285 1788 hactenus.

249 1825 500 1910 Epimetrum
529 1825 554 1891 I.

206 1927 335 1993 Medeae
364 1948 472 1993 versus
500 1927 563 1993 846
585 1937 671 2011 sqq„
700 1949 771 2012 pag.
804 1927 845 1992 33
875 1926 980 2004 citati,
1007 1927 1052 1992 sic
1081 1924 1175 2008 vulgo
1198 1923 1243 1987 le-

120 2036 259 2116 guntur:

368 2139 439 2212 πῶς
462 2122 517 2199 οὖν
540 2131 633 2216 ἱερῶν
654 2138 810 2215 ποταμῶν

368 2230 389 2322 ἢ
410 2233 507 2313 πόλις
528 2229 549 2321 ἢ
571 2234 675 2320 φίλων

369 2335 543 2420 πόμπιμός
564 2360 599 2403 σε
620 2335 710 2424 χώρα

370 2437 430 2507 τὰν
452 2439 698 2526 παιόαλὲκειραν
720 2437 783 2520 ἕξει

370 2538 430 2608 τὰν
452 2538 508 2623 οὐχ
530 2537 623 2606 ὁσίαν
644 2541 727 2625 μετ’
750 2540 899 2621 tillem

370 2648 493 2728 σκέψαι
514 2647 628 2710 τεκέων
649 2642 789 2730 πλαγᾶν,

369 2750 491 2830 σκέψαι
513 2744 614 2834 φόνον
637 2743 706 2813 οἷον
729 2746 822 2836 αἴρει.

208 2849 276 2913 lam
303 2848 475 2914 scholiasta
503 2869 594 2914 versu
622 2847 685 2913 850
713 2849 825 2934 legisse
859 2850 995 2915 videtur:
1031 2846 1098 2933 μετ’
1130 2847 1243 2930 ἄλλων,

122 2973 196 3017 oum
224 2951 266 3015 ad
294 2972 338 3015 10.
369 2949 429 3016 851
457 2951 534 3015 haec
560 2949 705 3016 adnotet:
733 2951 873 3038 πλαγᾶν·
901 2949 958 3041 τὴν
988 2949 1119 3039 πληγήν,
1153 2955 1244 3040 φησί,

120 3049 180 3141 τὴν
207 3060 271 3118 τῶν
294 3057 412 3118 τέκνων
440 3049 572 3121 καὶτὸν
601 3053 701 3142 φόνον
722 3052 766 3143 μὴ
791 3062 964 3143 προπετῶς
992 3047 1128 3142 ὁρῦσῃς,
1160 3048 1242 3118 ἀλλὰ

120 3153 280 3243 πρότερον
303 3151 380 3238 μεθ’
404 3151 493 3242 ἡμῶν
514 3152 535 3243 ἢ
558 3154 661 3224 ἄλλων
683 3164 780 3224 τινῶν
803 3161 938 3243 σκέψαι,
962 3155 991 3223 εἰ
1012 3164 1107 3223 codro
1128 3155 1187 3244 χρή
1209 3177 1244 3221 σε

122 3258 250 3345 δρᾶσαι.
302 3255 363 3321 Sed
393 3277 490 3340 quam
522 3258 671 3342 languide
700 3259 796 3325 verba
825 3259 881 3324 illa
909 3259 996 3325 dicta
1024 3264 1141 3339 essent,
1180 3279 1245 3322 101

122 3358 386 3445 101011101111,
410 3359 465 3441 qui
487 3360 711 3444 intelligerent3
741 3382 780 3426 00
805 3362 1032 3427 diversissimas
1055 3359 1244 3446 explanandi

121 3462 228 3528 locum
249 3460 317 3525 vias
339 3461 472 3544 ingressi
495 3468 569 3527 sunt
590 3464 648 3528 viri
671 3463 772 3542 docti,
794 3468 831 3529 ut
853 3464 987 3547 quisque
1009 3468 1067 3528 aut
1088 3463 1130 3528 ad
1151 3484 1243 3547 prae-

121 3562 283 3628 cedentem
305 3569 371 3638 aut,
395 3563 482 3647 quod
503 3569 535 3629 et
556 3565 729 3630 scholiasta
751 3565 909 3631 censuisse
930 3565 1074 3644 videtur,
1096 3566 1138 3631 ad
1158 3566 1242 3630 inse·

123 3669 272 3748 quantem
295 3666 484 3731 sententiam
510 3661 588 3750 ‘pst’
612 3665 725 3733 ditwr'
753 3667 915 3734 referenda
941 3689 1009 3733 esse
1031 3669 1091 3735 sibi
1111 3668 1244 3753 persua-

121 3767 173 3832 sit.
217 3766 388 3833 Videamus
419 3768 496 3852 quid
526 3768 564 3834 de
585 3769 691 3853 priore
718 3771 842 3836 ratione
865 3771 907 3835 sit
927 3770 1140 3838 iudicandum.
1184 3771 1244 3850 Qui

120 3869 283 3952 vulgatam
305 3870 490 3952 lectionem,
512 3875 549 3935 ut
570 3871 785 3949 Weckleinus‚
808 3877 950 3952 servant,
973 3874 1076 3939 verbis
1096 3870 1166 3963 ςτὴν
1189 3871 1244 3956 οὐχ

121 3965 223 4039 'ricton'
260 3972 377 4056 opponi
416 3977 532 4056 putant
563 3969 642 4057 ‘pru'
673 3969 787 4040 dttwv’
817 3995 859 4038 00.
891 3970 990 4041 ὁσίων
1020 3973 1129 4042 ὄντων.
1183 3975 1244 4041 Sed

121 4093 230 4141 vereor
254 4093 302 4152 ue,
325 4073 378 4141 ubi
401 4074 497 4140 verba
513 4075 695 4161 premimus,
709 4113 751 4123 —-
773 4081 809 4142 ut
827 4076 866 4142 de
883 4076 1053 4144 durissima
1070 4077 1245 4145 elocutione
