2738 4634
724 279 768 346 40

663 378 664 382 =
670 376 821 385 ψ.

342 483 528 571 Ταλθύβιος
549 480 625 574 ἥκω,
648 486 818 551 Δαναϊδῶν
839 480 1006 573 ὑπηρέτης,
1056 477 1059 482 ’

334 585 786 674 Ἀγαμέμνοναςνεὲμψαννας,
810 575 837 651 ὦ
858 585 961 673 γύναι,
986 591 1061 671 μέν
1070 613 1101 652 α.

270 691 446 757 Scholiasta
474 691 516 756 ad
543 713 587 757 vs.
617 689 680 754 503
702 690 780 754 haee
802 688 952 754 adnotat:
988 687 1173 772 Ταλθύβιος
1195 683 1215 756 ὁ
1243 694 1312 758 τῶν

184 792 317 876 Ἀχαιῶν
345 795 442 881 κῆρυξ
466 789 550 882 ἥκω,
573 794 872 876 μετακαλεσαμέναυ
894 813 939 874 σε,
964 781 992 856 d
1013 790 1114 878 γύναι,
1137 799 1195 859 τοῦ
1216 789 1312 879 Ἀνα-

186 901 351 982 μέμνανας.
400 897 449 961 W.
486 895 655 972 Pierson1)
684 893 778 973 hano,
812 916 909 978 quam
940 894 1030 974 dicit,
1060 895 1312 981 praepositionis

186 999 298 1064 tmesin
321 999 579 1084 anastrophicam
601 1018 637 1063 eo
659 995 783 1061 defendi
805 996 853 1062 vel
874 997 980 1082 potius
1003 997 1219 1064 commendari
1234 1017 1311 1062 oen-

187 1106 252 1180 set,
275 1101 361 1183 quod
382 1101 442 1165 hau
463 1099 706 1185 praepositionis
728 1099 885 1183 positione
912 1099 1014 1165 nuntii
1036 1101 1082 1166 vis
1110 1105 1142 1165 et
1164 1100 1311 1165 auotori-

186 1209 236 1266 tas
259 1208 429 1286 augeatur3
459 1223 634 1287 pronomen
661 1197 728 1280 εσε’,
755 1203 842 1286 quod
863 1202 1023 1279 nonnulli,
1053 1222 1187 1267 —oum
1212 1201 1309 1266 soho-
1348 1234 1351 1243 ·

184 1305 280 1370 liasta
296 1343 348 1384 ·-‚
371 1305 551 1371 addiderint
567 1309 640 1389 post
659 1300 885 1389 ‘rrepmuvrog',
908 1305 1071 1372 subaudiri
1092 1325 1221 1369 neeesse
1244 1325 1317 1370 non·

185 1429 269 1485 esse,
306 1430 378 1473 oum
410 1403 652 1491 ίμενανεέμπειν
682 1409 777 1473 etiam
808 1408 891 1473 idem
930 1409 971 1473 sit
1003 1409 1090 1493 quod
1126 1406 1311 1492 germanice

182 1507 412 1575 ‘naehsenden'.
458 1510 560 1588 Quam
581 1515 688 1574 tamen
710 1511 898 1576 senteutiam
927 1512 1016 1576 nulla
1038 1533 1076 1576 ex
1097 1514 1190 1594 parte
1212 1530 1311 1594 posse

184 1612 328 1696 probari,
354 1611 515 1677 Nauokius
542 1612 703 1690 1101111112),
731 1612 789 1677 etsi
818 1613 884 1696 ipse
913 1612 1085 1677 diiudicare
1114 1632 1148 1678 se
1169 1611 1325 1695 nequire·

186 1715 279 1793 dicit,
309 1715 467 1799 quomodo
495 1715 582 1779 locus
610 1720 747 1780 sanetur.
791 1714 1066 1800 Elegantissimam
1088 1713 1310 1780 coniecturam

185 1818 352 1902 proposuit
368 1817 411 1881 Μ.
429 1815 596 1902 Seyffert³³>
611 1817 666 1900 qui
688 1839 747 1902 pro
767 1812 868 1900 ‘perd‘
893 1818 1002 1883 scribit
1021 1814 1071 1902 ‘pe
1086 1812 1162 1900 oot',
1186 1838 1253 1902 quo
1277 1824 1310 1884 et

186 1942 257 1985 oum
294 1919 496 2005 sequentibus
533 1941 670 1984 conexus
699 1918 819 1985 firmior
853 1919 1013 1985 reddatur.
1065 1919 1126 1985 Sed
1159 1921 1309 2003 quamvis

185 2022 262 2087 haee
284 2021 424 2086 arrideat
446 2022 619 2099 sententia,
649 2023 753 2087 neseio
782 2043 824 2086 an
853 2044 917 2088 non
946 2028 977 2086 et
1005 2022 1056 2087 hio
1077 2027 1115 2087 ut
1135 2022 1206 2088 aliis
1229 2023 1309 2088 loeis

185 2124 265 2189 duas
287 2123 538 2208 praepositiones
560 2129 702 2190 mutatas
724 2145 791 2189 esse
812 2130 931 2209 putem,
953 2146 991 2190 ao
1012 2123 1099 2208 quod
1120 2123 1309 2190 Dindorfius

184 2226 360 2312 proposuit,
383 2248 440 2310 pro
457 2220 550 2310 ‘perd
571 2222 704 2313 ‘adpo’
727 2228 769 2291 sit
787 2227 995 2305 scribendum,
1018 2247 1083 2310 quo
1102 2227 1205 2292 omnis
1220 2227 1308 2292 tolli·

185 2334 238 2393 tur
260 2328 439 2394 difficultas,

269 2432 297 2495 2.
320 2430 451 2496 Hecuba
472 2429 551 2494 354:

387 2534 544 2600 δέσποινα
566 2531 595 2598 d'
617 2528 637 2621 ἦ
661 2532 814 2624 δύστηνος
835 2529 999 2600 Ἰὄαίαισιν
1022 2523 1059 2622 ἦν

385 2637 509 2720 γυναιξὶ
530 2640 712 2722 παρθένοις
732 2632 761 2701 τ’
784 2633 992 2721 &audiemur
1013 2640 1108 2718 μέτα

387 2737 439 2827 ἴση
462 2743 573 2803 θεοῖσι
595 2734 680 2824 πλὴν
701 2735 739 2802 τὸ
761 2743 937 2805 κατθανεῖν
958 2736 1066 2821 μόνον.

270 2839 320 2905 Sic
342 2840 432 2905 codd.
454 2839 496 2903 M.
518 2839 554 2918 A,
577 2838 637 2904 nisi
660 2840 746 2922 quod
767 2839 801 2903 M
822 2861 851 2905 a.
874 2861 914 2904 m.
939 2861 963 2904 s.
985 2840 1083 2905 habet
1103 2836 1142 2918 τ’,
1164 2838 1194 2906 V
1217 2863 1306 2924 παρ-

183 2947 322 3009 θένοισι.
402 2941 464 3006 Pro
484 2938 585 3025 ίμέτα
603 2941 756 3008 Canterus
777 2936 878 3026 (μέγα
902 2941 1101 3007 scribendum
1122 2942 1303 3027 proposuit,

150 3110 153 3116 ,
183 3043 366 3109 Diudorfius
395 3065 453 3129 pro
476 3043 581 3108 dativo
611 3044 788 3127 genetivum
812 3044 1012 3109 commendat
1037 3041 1247 3131 ίπαρθένων,
1270 3049 1307 3109 ut

182 3141 315 3211 ‘feminis
337 3167 403 3210 una
424 3167 495 3210 oum
524 3141 704 3229 virginibus'
734 3151 854 3224 vertas,
884 3167 966 3230 quae
997 3147 1124 3231 quidem
1153 3147 1238 3212 ratio
1269 3168 1305 3212 eo

182 3248 342 3327 firmatur,
369 3247 455 3331 quod
482 3248 731 3331 undesexaginta
759 3248 821 3312 illis
850 3247 1031 3313 fabularum
1059 3247 1306 3333 Euripidearum

183 3350 260 3416 locis
276 3351 391 3434 quibus
405 3354 501 3434 potita
515 3351 557 3415 ad
573 3352 754 3416 societatem
770 3350 931 3433 quandam
947 3349 1187 3434 significandam
1198 3347 1305 3435 ‘perd'

182 3453 418 3537 praepositione
439 3473 510 3517 eum
532 3452 737 3517 substantivis
759 3453 808 3517 vel
820 3452 1060 3537 pronominibus
1082 3454 1306 3536 personalibus

184 3554 355 3619 coniuncta
376 3576 453 3618 usus
476 3559 523 3618 est
546 3575 667 3639 semper
688 3555 849 3637 genetivus
868 3555 991 3638 legitur,
1014 3560 1144 3639 excepto
1162 3555 1224 3621 hoe
1238 3555 1306 3620 He·

183 3655 283 3721 cubae
303 3656 383 3721 loeo.
429 3656 488 3722 Sed
505 3661 599 3741 pute,
626 3657 709 3721 huno
738 3657 866 3720 unioum
887 3657 991 3722 locum
1013 3656 1099 3741 apud
1120 3656 1307 3742 Euripidem

184 3765 322 3825 statuere
336 3759 428 3825 nobis
443 3759 545 3837 lioere,
568 3779 630 3842 quo
653 3758 839 3843 significatio
858 3760 961 3844 prima
975 3764 1007 3824 et
1021 3759 1182 3825 homerica
1202 3759 1307 3844 μετὰ

186 3924 387 3935 ..ι-*-

250 3995 278 4064 1)
296 3994 348 4048 Rh.
365 3995 438 4048 Mus.
456 3993 505 4059 XI,
522 3993 581 4052 272.
605 3995 764 4061 -2)Ε111.
783 3997 861 4050 Stud.
880 3996 891 4050 1
909 4013 974 4066 pag.
992 3994 1032 4050 12.
1051 4026 1084 4036 -
1108 3995 1136 4066 3)
1154 3996 1206 4053 Rh.
1224 3999 1307 4055 Mus.

182 4078 265 4136 xvn
282 4096 346 4149 pag.
363 4078 405 4136 48.
