2738 4634
661 221 703 288 43

127 425 203 505 250,
227 425 262 501 33
297 445 368 490 cum
390 448 458 510 gen.
481 429 719 511 pronominum:
748 427 928 506 10n1283;
957 428 1049 494 Herc.
1079 431 1138 495 fur.
1171 432 1246 510 1723
1334 477 1335 483 κ

123 527 243 592 Phoen.
269 527 364 606 12383
387 528 509 594 Heracl.
537 530 605 594 164.

251 651 277 695 c.
300 627 381 717 ὑπέρ
402 631 470 708 fiir,
491 653 568 715 pro,
595 637 668 716 post
688 633 830 716 petendi,
861 633 973 698 orandi
995 636 1091 700 verba
1113 642 1144 701 et
1166 638 1241 703 sub-

120 734 273 798 stantiva:
297 733 364 797 Hel.
389 733 467 812 8963
493 733 608 799 Bacch.
633 734 706 811 361,
727 735 762 812 23
785 734 909 800 Heracl.
933 735 1011 815 7573
1034 736 1086 802 Or.
1111 739 1181 803 673.

251 836 279 900 d.
302 832 398 918 ὑπέρ,
419 837 507 914 iiber,
530 837 578 914 de,
599 841 673 919 post
691 836 813 902 dicendi
828 838 940 903 verba:
962 839 1058 903 Andr.
1074 841 1152 918 67ος
1175 841 1242 925 Iph.

119 937 157 1000 Τ.
183 938 260 1016 7663
283 937 336 1002 Or.
361 937 547 1022 105631ph.
569 937 639 1002 nul.
663 939 735 1015 641,
758 940 829 1005 811.

250 1060 274 1102 e.
299 1035 390 1125 ὑπέρ,
413 1039 464 1104 fiir
485 1070 527 1095 =
543 1037 623 1117 ἀντὶ,
646 1041 812 1106 accedente
827 1042 984 1120 utilitatis,
1002 1045 1134 1127 gratiae,
1153 1066 1239 1110 com-

119 1140 209 1204 modi
233 1142 476 1224 significatione:
499 1142 553 1207 Or.
573 1144 670 1221 11343
694 1143 801 1228 Suppl.
829 1144 926 1224 11903
949 1145 1063 1212 Bacch.
1085 1148 1136 1213 41.

249 1245 270 1308 f.
293 1242 384 1330 ὑπέρ,
408 1245 455 1321 de,
477 1245 566 1322 iiber,
587 1268 652 1322 um,
671 1254 744 1329 post
758 1247 859 1312 verba
876 1248 1033 1330 quaedam
1047 1255 1079 1314 et
1094 1250 1244 1315 substan-

126 1345 198 1410 tiva
217 1347 314 1411 animi
335 1347 589 1430 perturbationes
613 1347 831 1432 significantia.
880 1349 1026 1416 Androm.
1052 1352 1147 1417 1270:

278 1455 404 1514 παῦσαι
427 1450 462 1515 δέ
482 1448 585 1536 λύπης
606 1457 671 1517 τῶν
692 1449 896 1538 τεθνηκότων
918 1447 1008 1535 ὅπερ.

168 1550 295 1635 Hippoi.
314 1552 391 1616 158:
417 1550 504 1638 λέπρι
527 1549 555 1617 δ’
577 1549 658 1639 ὑπὲρ
681 1556 820 1619 παθέων

168 1653 295 1738 Hippol.
315 1654 394 1719 258:
417 1652 454 1720 τὸ
477 1651 505 1720 δ
528 1650 607 1741 ὑπὲρ
631 1655 748 1720 δισσῶν
770 1660 848 1738 μίαν
871 1652 997 1721 ὠδίνειν

414 1754 518 1845 ψυχὴν
537 1754 680 1838 χαλεπὸν
701 1755 802 1842 βάρος

232 1859 286 1924 Or.
310 1859 386 1924 968:
414 1858 501 1936 έλεος
523 1857 646 1942 ’ἔρχεται
668 1853 747 1945 ὑπὲρ
764 1867 829 1926 τῶν
850 1844 1061 1942 θανουμένων

123 1963 195 2048 Iph.
219 1963 289 2028 Aul.
307 1962 387 2026 46οε
411 1959 455 2039 ὡς
476 1973 609 2046 γυναῖκα
631 1962 679 2028 δεῖ
701 1963 790 2048 ξένην
865 1980 869 1987 ’

411 2058 492 2148 ὑπὲρ
513 2063 675 2150 τυράννων
697 2070 867 2151 συμφορᾶς
889 2068 1102 2132 καταστένειν.

188 2166 303 2233 Troad.
326 2168 381 2232 38:
412 2165 534 2252 δάκρυα
553 2171 671 2248 χέουσα
693 2165 800 2233 πολλὰ
821 2169 876 2232 καὶ
897 2168 1027 2233 πολλῶν
1048 2162 1128 2254 δπερ
1151 2205 1200 2231 -.

121 2270 246 2349 Quibus
268 2270 345 2335 locis
367 2268 538 2351 adiungam
560 2267 674 2334 Troad.
694 2269 770 2335 830:
793 2266 862 2335 οἷον
885 2266 1000 2346 οἰωνὸς

480 2366 560 2459 ὑπὲρ
583 2376 698 2438 τεκέων
719 2377 791 2458 βοᾷ.

210 2474 279 2540 Iam
300 2495 373 2539 vcro
397 2474 459 2538 duo
483 2477 593 2537 extant
613 2473 675 2537 loci
697 2473 782 2557 apud
803 2473 1002 2557 Euripidem,
1025 2473 1141 2556 quibus
1162 2468 1243 2553 ὑπὲρ

123 2576 371 2664 praepositionis
394 2596 432 2641 ea
454 2574 656 2658 significatiO,
679 2597 776 2659 qnam
798 2576 940 2640 locorum
956 2576 1083 2641 illorum
1105 2573 1248 2658 postulat

121 2680 220 2756 ratio,
241 2677 284 2743 ad
305 2678 424 2743 nullam
446 2699 568 2754 earnm,
592 2698 671 2761 quas
697 2677 933 2755 illustravimus,
958 2679 1119 2743 rationum
1140 2676 1242 2761 possit

124 2781 249 2859 referri,
271 2803 329 2847 nec
344 2802 382 2845 ex
403 2781 441 2844 iis
464 2779 606 2845 derivari.

122 2884 202 2949 Eur.
226 2883 334 2968 Suppl.
360 2882 454 2947 1125:
483 2881 584 2968 βάρος
605 2885 661 2966 μέν
684 2879 740 2949 οὐκ
764 2881 901 2970 ἀβριθὲς
923 2880 1043 2968 ἀλγέων
1068 2876 1158 2966 ὅπερ.

123 2985 224 3053 Andr.
246 2985 327 3050 490:
484 2990 599 3051 κτείνει
622 2986 656 3051 δὲ
678 2982 736 3074 τὴν
757 2984 913 3052 τάλαιναν

166 3090 168 3095 ’
482 3085 663 3174 δύσφρονος
684 3087 790 3174 ’έριδσς
810 3083 899 3174 ὅπερ.
1030 3135 1032 3140 «

210 3188 430 3268 Kuehnerus1)
451 3191 530 3254 hacc
551 3189 702 3274 explicat:
723 3185 814 3272 ’ὑπέρ
833 3190 920 3255 dient
937 3210 993 3253 zur
1007 3188 1139 3272 Angabe
1159 3188 1244 3254 einer

74 3316 80 3375 ¹.
123 3295 239 3360 inncrn
253 3291 408 3376 geistigen
421 3291 573 3370 Ursache,
592 3313 638 3357 wo
653 3292 846 3375 gewdhnlich
861 3288 926 3357 ὑπὸ
943 3313 968 3356 c.
984 3311 1053 3374 gen.
1072 3290 1247 3374 gebraucht

122 3393 219 3473 wird,
247 3393 296 3459 als
323 3391 405 3481 ὑπὲρ
431 3398 588 3476 πένθους,
618 3390 698 3481 ὑπὲρ
727 3399 879 3472 παθέων;
909 3393 984 3458 Eur.
1015 3392 1123 3478 Suppl.
1157 3392 1247 3457 1125.

124 3495 224 3565 Andr.
246 3493 331 3562 490².
376 3495 437 3562 Sed
465 3495 546 3561 duas
572 3497 711 3562 rationes
741 3497 788 3561 vir
811 3497 922 3562 doctus
947 3495 1071 3560 videtur
1092 3494 1247 3560 turbasse.

75 3598 85 3619 ⁸
124 3598 221 3677 Nam,
243 3599 298 3664 ubi
320 3598 398 3663 talia
420 3598 529 3682 qualia
551 3603 626 3663 sunt
647 3595 727 3687 ὑπὲρ
745 3602 898 3680 πένθους,
914 3594 995 3685 ὑπὲρ
1011 3601 1159 3677 παθέων,
1182 3601 1249 3659 tam

74 3696 78 3737 ·’
124 3701 275 3770 absolute
300 3706 513 3785 usurpantur,
542 3706 579 3766 ut
606 3700 688 3766 idem
710 3700 865 3777 efficiant,
891 3701 978 3784 quod
1005 3693 1071 3766 ὑπὸ
1093 3703 1247 3779 πένθους,

124 3801 190 3872 dm*
216 3808 372 3887 παθέων,
394 3842 437 3852 -
468 3803 575 3889 qualia
601 3803 728 3887 quidem
749 3804 837 3869 haud
863 3824 937 3870 raro
959 3801 1045 3888 apud
1067 3800 1248 3886 Euripidem

197 4007 226 4077 1)
244 4008 443 4064 Ausfiihrliche
461 4007 633 4062 Grammatilr
651 4007 701 4061 der
719 4007 913 4077 griechischen
932 4006 1064 4075 Spraehe,
1081 4005 1119 4069 11,
1136 4003 1196 4060 421.
