2738 4634
662 264 704 329 39
762 296 765 303 ·

119 471 184 531 tur.
218 465 278 534 Sed
299 471 368 534 tum
393 467 419 534 si
441 466 502 533 hoe
524 466 703 552 significare
723 465 848 532 volebat
862 465 1031 553 Hauptius‚
1053 489 1118 534 non
1140 467 1243 534 activo

119 570 287 636 verbovel
314 571 493 656 deponenti,
515 570 570 636 sed
591 570 717 655 passivo
739 569 787 634 uti
809 568 954 649 debebat,
976 575 1033 636 aut
1053 592 1177 637 versum
1200 571 1244 636 sio

120 672 331 739 constituere:

428 771 467 843 dir
490 769 547 857 οὐχ
570 769 661 840 ὅσιον
681 775 841 858 ussatida

121 878 209 960 quod
230 884 337 944 tamen
360 898 423 943 non
446 883 516 943 erat
536 875 720 943 vertendum
747 872 857 959 ‘quarn
883 897 941 961 pro
972 876 1087 942 scelere
1109 896 1165 941 suo
1187 897 1243 940 ne-

120 979 172 1045 fas
206 987 255 1046 est
287 977 425 1063 adloqui'
463 1002 560 1063 quam
587 978 656 1064 ‘pro
689 977 803 1043 scelere
838 974 925 1043 eius'.
969 978 1119 1044 Videmus
1147 977 1244 1062 igitur

123 1083 208 1147 hanc
230 1105 357 1167 quoque
379 1083 592 1149 coniecturam
613 1083 666 1148 vix
682 1100 776 1165 posse
794 1079 927 1147 defendi.
943 1119 984 1127 —
1007 1081 1124 1146 Veram
1138 1102 1242 1146 emen-

122 1185 221 1250 dandi
249 1187 332 1251 riam
361 1186 482 1270 primus
506 1184 632 1250 Samuel
652 1183 810 1267 Petitus¹)
839 1183 963 1249 videtur
984 1183 1143 1267 ingressus
1167 1204 1245 1262 esse,

122 1309 196 1353 cum
217 1289 314 1354 verba
334 1287 390 1352 illa
411 1288 453 1352 ad
474 1287 691 1370 insequentem
715 1307 840 1351 versum
854 1286 1010 1371 pertinere
1026 1291 1111 1351 recte
1133 1286 1244 1370 opina·

121 1397 175 1455 tus
204 1391 248 1455 sic
275 1396 383 1455 tamen
412 1389 610 1455 scribendum
639 1394 745 1473 putet:
780 1390 944 1472 μεταλλῶν
973 1393 1101 1473 Σκέψαι
1128 1387 1244 1455 τεκεών

121 1491 260 1578 πλαγᾶν,
283 1492 302 1559 i.
327 1514 352 1557 e.
374 1488 534 1557 ‘accurate
551 1491 746 1576 perpendens
765 1492 939 1570 considera,
961 1491 1038 1575 quid
1060 1488 1179 1568 faoias’,
1201 1527 1242 1536 -

90 1614 95 1625 ·
123 1595 211 1680 quod
234 1595 309 1659 ferri
330 1616 395 1659 non
417 1615 511 1678 posse
533 1594 642 1659 statim
671 1602 818 1678 apparet,
845 1616 917 1659 eum
944 1588 1103 1679 participii
1133 1613 1245 1676 genere

122 1697 272 1763 feminino
295 1697 332 1761 de
353 1696 465 1762 Medea
485 1697 533 1760 uti
555 1717 614 1761 nos
636 1717 762 1762 necesse
783 1697 826 1762 sit
857 1735 898 1743 -ν-
920 1696 1145 1780 lmperativum
1164 1697 1241 1760 sori-

121 1801 261 1867 bendum
283 1799 418 1864 conicio:
439 1795 613 1883 ‘perdila',
641 1800 695 1882 qni
721 1805 845 1864 etcum
868 1798 1071 1882 sequentibus
1094 1798 1240 1882 congruit

124 1909 156 1968 et
177 1904 210 1967 in
233 1903 364 1967 chorum
385 1901 528 1966 Medeam
545 1907 725 1967 monentem
750 1901 868 1986 optime
890 1900 1039 1984 quadret:
1060 1898 1241 1985 ‘Perpende

123 2004 299 2082 considera,
322 2003 448 2088 qualem
471 2003 651 2068 committas
673 2004 807 2069 caedem.

251 2107 501 2192 Epimetrum
522 2105 563 2171 Il.
608 2106 657 2170 Ad
678 2128 750 2190 pag.
773 2107 815 2171 22
836 2129 881 2172 vs.
907 2107 923 2170 1
947 2129 1018 2191 sqq.

210 2209 372 2287 Quantum
387 2206 539 2274 eiusmodi
555 2209 726 2273 sententias
750 2215 781 2273 et
804 2209 907 2275 forma
929 2209 1102 2274 simillimas
1117 2208 1243 2293 Euripi·

125 2312 179 2377 des
201 2311 406 2389 adamaverit,
429 2311 563 2375 duorum
584 2309 835 2395 fragmentorum
857 2312 949 2376 docet
969 2311 1124 2395 analogia.

278 2412 305 2477 1.
327 2413 414 2497 Frgt.
438 2413 480 2477 62
503 2413 539 2476 Ι).
563 2411 661 2478 Orion
681 2413 764 2479 Flore
791 2413 841 2492 1,3
862 2434 935 2497 pag.
958 2413 1045 2492 41,a:

478 2523 565 2600 μισῶ
587 2514 691 2603 σοφόν

279 2613 342 2683 ὄντ’
366 2615 398 2683 ἐν
419 2616 572 2703 λόγοισιν,
595 2616 627 2697 ἐς
649 2615 678 2684 d'
701 2616 809 2707 ὄνησιν
832 2615 870 2684 οὐ
892 2617 1005 2706 σοφόν.

277 2719 307 2784 2.
329 2720 419 2804 Frgt.
441 2720 504 2787 879
525 2720 563 2785 D.
588 2721 640 2785 Ar.
663 2720 743 2786 Rau.
768 2721 868 2786 1427:

277 2830 364 2906 μισῶ
386 2825 522 2912 πολίτην
545 2817 636 2902 ὅστις
658 2821 794 2912 ὠφελεῖν
816 2822 943 2911 πάτραν

277 2923 397 3012 βραδὺς
419 2936 571 3013 φανεῖσαι
592 2925 714 3012 μεγάλα
738 2927 772 2992 δὲ
793 2926 952 3011 βλάπτειν
969 2924 1065 3008 ταχὶές
1082 2933 1141 2995 ete.

125 3027 232 3112 qualia
265 3049 285 3092 a
313 3028 540 3111 posterioribus
569 3028 716 3093 facillime
744 3034 893 3113 poterant
921 3029 1109 3094 commutari
1138 3034 1170 3094 et
1203 3029 1244 3094 ad

125 3130 223 3196 falsos
246 3130 332 3195 locos
354 3129 471 3194 referri.

209 3233 464 3317 Epimetrum
486 3232 542 3297 Ill.
586 3231 695 3298 Liceat
715 3233 748 3297 in
773 3234 955 3318 appendicis
977 3233 1047 3299 loco
1069 3233 1121 3297 hie
1141 3253 1246 3318 pauca

125 3335 327 3401 diiudicanda
347 3356 545 3420 proponere,
568 3357 651 3419 quae
673 3356 744 3400 cum
765 3337 799 3399 in
820 3335 979 3420 Euripidis
1001 3336 1034 3400 in
1057 3335 1243 3400 adhibendis

124 3437 411 3522 praepositionibus
434 3459 527 3503 usum
548 3437 757 3522 inquirerem,
779 3434 961 3522 disputandi
983 3458 1095 3503 ansam
1116 3458 1154 3503 ao
1176 3459 1245 3502 ma-

125 3540 238 3604 teriam
259 3539 411 3625 praebere
432 3540 620 3606 riderentur.

210 3641 234 3705 Ι.
257 3641 455 3727 Praepositio
476 3642 559 3726 μετά
580 3643 630 3708 his
653 3642 730 3708 loeis
759 3647 816 3707 aut
837 3641 918 3707 falso
940 3642 973 3706 in
995 3641 1085 3707 codd.
1108 3648 1157 3706 est
1177 3646 1245 3707 tra·

127 3742 203 3822 dita,
225 3749 283 3809 aut
304 3750 388 3810 certe
409 3743 515 3823 habet,
538 3746 624 3829 quod
647 3745 945 3811 commemoratione
967 3743 1097 3827 dignum
1119 3745 1174 3810 sit:

212 3846 239 3911 1.
263 3845 395 3915 Hecuba
412 3845 487 3914 ι503.
512 3848 546 3912 4:

128 3992 328 4004 b*—

193 4071 221 4139 1)
240 4069 356 4123 Miscell
376 4067 406 4121 Il
425 4066 466 4122 20.
