2738 4634
602 209 642 275 25

57 416 255 503 displiceant,
281 423 418 494 mutare,
440 417 596 500 corrigere
618 415 753 499 denique
775 415 860 480 omni
882 415 976 480 modo
998 413 1030 478 id
1052 411 1179 495 assequi

57 520 196 602 studere,
219 525 256 584 ut
278 541 375 604 quam
388 519 572 604 proditurus
590 519 631 583 sit
649 517 790 584 fabulam
810 540 906 602 quam
920 515 1180 601 perfectissimam

57 623 176 688 mittat.
221 621 312 700 Quod
335 622 474 687 studium
500 626 584 687 certe
605 620 799 686 laudandum
821 625 885 696 est,
912 640 969 683 neo
990 618 1081 684 facile
1103 620 1179 701 pod-

57 731 126 790 tam
149 724 314 802 inveneris,
337 725 392 808 qui
413 724 474 789 hoc
494 722 626 790 limandi
648 722 797 798 studium,
818 723 872 787 ubi
894 721 1105 787 necessarium
1124 724 1181 794 est,

58 827 249 912 priusquam
269 827 384 891 iterum
406 826 547 891 fabulam
569 824 658 902 edat,
681 825 859 906 neglexerit.
903 824 972 888 lam
993 844 1083 899 vero,
1105 821 1181 905 quid

58 929 94 993 in
117 928 228 994 Medea
248 927 411 993 videmus?
456 927 515 991 Hic
538 948 646 993 versus
669 927 885 1010 reperiuntur,
915 927 969 1009 qui
992 930 1104 1010 postea
1126 929 1182 989 aut

59 1030 121 1096 sub
147 1030 256 1096 eadem
278 1035 335 1095 aut
356 1035 480 1096 mutata
509 1030 612 1114 specie
633 1029 778 1106 redeant,
804 1028 868 1094 illic
897 1028 978 1093 duae
1009 1027 1182 1093 sententiae

60 1132 209 1217 deinceps
232 1137 398 1209 secuntur,
428 1133 543 1216 quibus
570 1138 626 1197 aut
655 1131 766 1197 iisdem
797 1138 854 1196 aut
885 1130 1048 1196 simillimis
1080 1128 1183 1194 verbis
1281 1200 1283 1203 ¹

60 1233 171 1300 eadem
192 1239 388 1319 repetantur3
418 1255 476 1300 nec
499 1256 620 1320 semper
643 1256 699 1299 cur
721 1234 830 1298 eadem
852 1232 900 1298 bis
922 1232 987 1296 sint
1008 1231 1109 1312 dicta,
1133 1231 1182 1294 in-

60 1336 218 1421 vestigare
238 1358 416 1422 possumne.
462 1338 567 1421 Atque
587 1338 621 1402 in
642 1338 691 1402 his
709 1340 822 1420 po'etae
844 1333 1020 1418 corrigendi
1043 1333 1183 1398 studium

60 1440 233 1504 cernatur?
277 1439 326 1503 An
354 1440 531 1524 putandum
562 1445 625 1517 est,
654 1439 722 1504 fieri
743 1438 899 1523 potuisse,
928 1443 969 1502 ut'
994 1439 1090 1522 poeta
1117 1437 1185 1520 ipse

59 1547 155 1606 tanta
177 1540 374 1624 neglegentia
401 1542 435 1606 in
464 1542 662 1608 emendanda
688 1541 798 1607 fabula
828 1546 1022 1618 versaretur,
1053 1544 1090 1604 ut
1120 1560 1184 1603 non

61 1642 167 1717 solum
195 1643 281 1726 ipsas
309 1651 506 1710 correcturas
537 1645 710 1710 sedetiam
740 1664 794 1719 ea,
822 1664 904 1726 quae
932 1647 1128 1723 correxerat,
1151 1642 1184 1705 in

59 1749 185 1810 textum
206 1745 381 1829 reciperet?
424 1748 466 1812 At
488 1747 575 1812 dicat
596 1746 770 1830 quispiam,
798 1745 831 1810 in
853 1746 913 1810 hac
933 1746 1005 1829 ipsa
1026 1766 1060 1809 re
1083 1744 1184 1809 cerni-

61 1853 117 1912 tur
153 1845 269 1930 duplex
300 1849 456 1920 recensio:
497 1855 643 1914 attamen·
682 1851 778 1931 poeta
813 1869 877 1913 non
913 1849 981 1932 ipse
1016 1853 1185 1931 utramque

62 1947 256 2033 scripturam
279 1951 473 2035 composuit,
496 1951 551 2016 sed
573 1951 705 2035 quilibet
726 1950 824 2027 alter,
847 1951 902 2034 qui
924 1972 995 2016 cum
1017 1955 1185 2034 utramque

60 2050 276 2117 recensionem
301 2053 334 2117 in
363 2054 508 2119 manibus
538 2053 684 2125 haberet,
721 2072 798 2117 casu
831 2058 888 2117 aut
916 2052 1118 2135 neglegentia
1147 2073 1186 2116 ex

60 2153 169 2239 priore
202 2155 339 2220 editione
374 2156 452 2221 haec
489 2157 544 2221 illa
578 2156 612 2219 in
648 2155 782 2220 alteram
814 2155 1016 2231 transferret,
1049 2159 1085 2219 ut
1121 2154 1186 2218 iam

60 2256 98 2321 in
126 2257 187 2323 hac
209 2263 379 2341 utrumque
405 2261 551 2323 exstaret.
600 2256 823 2322 concedamus.
879 2257 940 2322 Sed
973 2257 1185 2322 examinemus

61 2359 162 2424 talem
178 2360 304 2445 qualem
318 2360 412 2426 modo
426 2359 653 2425 illustravimus
671 2360 786 2441 locum,
813 2360 868 2444 qui
890 2360 1021 2444 quidam
1040 2357 1185 2423 aWeck·

64 2461 149 2526 leino
172 2463 288 2527 allatus
312 2467 359 2528 est
381 2463 422 2527 ad
444 2462 723 2528 demonstrandam
745 2461 900 2548 duplicem
922 2462 1099 2527 editionem.
1145 2460 1183 2523 ln

66 2563 150 2629 Med.
163 2585 225 2630 ves.
239 2564 415 2642 723-730,
428 2602 468 2610 -
483 2558 567 2631 οἴσω
583 2562 611 2631 d'
627 2563 691 2646 ’ἔχει
702 2590 760 2648 μοι
771 2601 812 2611 -
827 2568 881 2630 καὶ
896 2567 920 2646 ξ.
937 2559 1021 2632 εἶναι
1032 2565 1121 2628 θέλω
1136 2600 1185 2642 ·-—,

66 2665 178 2731 eadem
201 2667 357 2731 sententia
378 2667 427 2733 bis
450 2667 646 2751 exprimitur,
669 2688 741 2731 cum
762 2688 886 2732 versus:

222 2768 283 2833 723
306 2762 390 2835 οὕτω
412 2766 440 2836 δ’
463 2767 526 2850 ἔχει
548 2787 615 2852 μοι·
641 2773 699 2835 σοῦ
721 2769 779 2852 μὲν
802 2768 961 2858 ἐλθούσης
982 2768 1089 2851 χθόνα

225 2871 287 2936 724
308 2869 507 2958 πειράσομαι
530 2878 588 2938 σοῦ
610 2872 776 2958 προξενεῖν
799 2871 925 2950 δίκαιος
947 2869 1000 2941 ὢν.

135 2990 139 2999 ·
224 2972 285 3037 729
308 2970 342 3039 ἐκ
362 2973 455 3060 τῆςδε
478 2970 506 3038 δ’
530 2970 608 3062 αὐτὴ
630 2981 687 3062 γῆς
710 2969 921 3040 ἀπαλλάσσου
944 2972 1040 3040 πόδα·

230 3075 292 3140 730
314 3071 459 3154 ἀναίτιος
480 3073 540 3165 γὰρ
561 3079 616 3143 καὶ
638 3078 739 3156 ξένοις
762 3072 845 3144 εἶναι
867 3078 966 3142 θέλω.
989 3113 1031 3122 -

69 3185 104 3244 et
124 3199 233 3243 versus
255 3177 437 3245 rao-728:

225 3279 358 3347 τοσόνδε
379 3286 489 3364 μέντοι
512 3303 564 3347 σοι
586 3285 807 3368 προσημαίνω,
830 3281 932 3368 γύναι·

226 3381 260 3449 ἐκ
282 3384 374 3470 ariade
396 3383 431 3450 δὲ
452 3383 508 3465 μὲν
530 3388 588 3469 γῆς
610 3380 648 3449 cii
670 3379 698 3449 α’
722 3380 809 3469 ἄγειν
830 3382 1040 3472 βουλήσομαι.

226 3479 305 3572 αὐτὴ
329 3481 357 3551 d'
381 3482 520 3568 ἐάνπερ
543 3484 589 3564 εἰς
612 3481 706 3567 ἐμοὺς
729 3483 828 3572 ’ἔλθῃς
850 3484 971 3567 δόμους

224 3595 329 3669 μενεῖς
352 3584 469 3665 doulos
489 3584 547 3654 acii
569 3609 604 3654 σε
625 3584 669 3675 μὴ
691 3591 881 3670 caecavi.

69 3694 156 3758 inter
181 3711 216 3755 se
244 3694 428 3772 congruant.
472 3688 560 3754 Haec
586 3689 631 3754 sic
657 3688 838 3773 Euripidem
867 3688 1046 3773 scripsisse,
1074 3688 1191 3752 nemini

69 3791 254 3880 persuaderi
283 3792 393 3875 possit.
441 3790 543 3873 Igitur
570 3790 693 3856 duabus
730 3791 791 3856 illis
823 3791 1000 3857 rationibus
1037 3812 1057 3854 a
1093 3790 1189 3855 sciolo

70 3894 213 3983 quodam
240 3892 483 3976 conglutinatis,
509 3891 642 3976 duplicis
668 3893 859 3958 recensionis
889 3893 1022 3977 vestigia
1047 3892 1190 3957 indican-

70 4005 135 4070 tur.
181 3994 242 4066 Sed
264 3994 349 4061 dicat
372 3994 460 4081 quis,
491 3993 567 4079 quid
588 3995 676 4079 prius
698 3995 861 4084 scripserit
880 3994 1064 4080 Euripides,
1093 4000 1190 4083 atque
