2738 4634
682 214 833 321 „Q

68 484 71 489 .
137 450 140 455 ·
196 416 345 508 λαμπρόν
372 418 407 486 θ’
440 415 531 508 ἡλίου
556 420 641 506 φάος
669 421 718 486 vel
746 417 894 509 λαμπρὸν
922 417 1014 511 ἡλίου
1044 419 1130 511 φάος
1158 422 1208 489 vel
1237 423 1322 506 λαμ-

196 520 280 605 πρὸν
302 517 393 610 ἡλίου
411 548 446 588 τε
469 528 540 610 φῶς
556 522 592 599 Ρ,
613 525 646 588 in
665 546 728 607 quo
751 545 771 588 a
788 528 965 589 correctore
982 545 1090 591 versus
1109 531 1157 591 cst
1176 524 1318 590 additus.

196 625 288 688 Hanc
324 625 507 688 varietatem
547 647 586 689 ex
622 625 745 691 duabus
781 626 880 710 ipsius
909 625 1069 712 Euripidis
1105 632 1217 692 natam
1247 646 1319 692 esse

198 727 380 810 scripturis,
410 728 462 793 vix
490 726 645 792 credibile.
689 727 855 792 Elmsleins
877 727 1060 814 Euripidem
1084 725 1227 819 ςἡλίουθ1
1260 725 1320 816 oly-

197 828 252 897 νδν
275 828 360 917 φάος
381 829 544 914 scripsisse
565 834 673 914 putat,
703 829 906 896 librariorum
927 837 1034 897 autem
1057 833 1248 898 oscitatione
1270 833 1322 897 in-

196 938 319 999 vectum
354 954 421 997 csse
445 927 547 1021 ίἡλίου
577 957 612 998 τε
641 929 790 1021 λαμυρὸν
819 931 924 1021 potor?
981 935 1029 1001 Ab
1059 935 1120 1000 hac
1152 935 1324 1020 scriptura,

198 1024 293 1119 quasi
314 1057 334 1100 a
356 1035 513 1099 communi
536 1035 664 1118 origine,
687 1035 766 1100 alias
789 1035 880 1100 facile
902 1028 1037 1102 derivari
1059 1038 1202 1121 potuisse
1218 1038 1323 1123 scrip·

197 1143 296 1202 turas.
344 1136 376 1202 Si
399 1137 525 1202 omnino
548 1137 700 1220 originem
722 1138 884 1203 varietatis
914 1139 998 1205 illius
1021 1140 1241 1206 demonstrare
1264 1161 1324 1205 au-

87 1289 92 1297 .
198 1239 322 1317 demus,
350 1239 411 1304 hoc
433 1238 572 1304 Elmslcii
603 1261 754 1305 conamen
784 1240 904 1306 Osanni
934 1243 1108 1308 sententiae
1136 1242 1324 1326 praeferen-

198 1341 273 1406 dum
294 1347 372 1426 puto
395 1363 471 1407 csse.

283 1445 312 1508 3.
336 1443 428 1521 Quod
449 1465 542 1508 versu
566 1443 665 1508 1206:

350 1544 461 1634 ᾤμωξε
483 1542 511 1611 δ’
535 1541 644 1628 εὐθύς,
666 1548 722 1612 καὶ
743 1546 942 1634 περιπτύξας
966 1549 1064 1632 δέμας

197 1670 255 1734 pro
284 1649 383 1732 δέμας
411 1648 499 1713 codd.
529 1648 563 1713 P.
594 1647 626 1712 (λ
652 1652 747 1736 χέρας
774 1650 906 1734 legitur,
935 1656 1105 1734 utrumque
1131 1650 1321 1736 Euripidem

199 1752 362 1836 scripsisse
384 1753 551 1836 putemus?

281 1854 311 1918 4.
335 1852 405 1918 Vss.
432 1852 657 1918 lanu-1227:

351 1951 408 2020 οὐδ
430 1950 469 2022 δν
490 1960 604 2042 τρέσας
628 1954 755 2039 εἴποιμι
777 1953 853 2034 τοὺς
875 1953 997 2044 σοφοὺς
1019 1962 1147 2042 βροτῶν

350 2058 523 2135 δοκοῦντας
545 2052 627 2122 εἶναι
649 2060 703 2123 καὶ
724 2055 921 2146 μεριμνὴτδς
943 2056 1044 2143 λόγων

349 2157 483 2236 τούτους
503 2164 653 2246 μεγίστην
674 2164 800 2246 μωρίαν
823 2155 1039 2246 ὀφλισκάνειν.

283 2261 337 2327 Vs.
364 2260 443 2324 1227
466 2259 535 2324 Ald.
559 2260 655 2326 habet
680 2266 814 2349 μιαρίαν.
859 2259 956 2326 Codd.
979 2267 1011 2328 et
1024 2262 1128 2348 Etym.
1144 2259 1228 2325 Gud.
1246 2281 1322 2346 pag.

198 2365 259 2430 231
283 2364 406 2453 ζημίαν.
450 2362 592 2447 Duplicis
614 2363 803 2430 recensionis
826 2385 890 2430 non
912 2365 1001 2431 viden
1023 2365 1182 2431 iudicium.

284 2468 314 2532 5.
337 2466 392 2532 Vs.
417 2465 516 2530 1228:

351 2574 481 2657 θνητῶν
502 2565 563 2655 γὰρ
586 2564 690 2646 οὐδείς
712 2566 798 2636 ἐστιν
820 2567 981 2653 εὐδαίμων
1003 2565 1090 2657 άνὴρ.

284 2671 347 2736 Pro
375 2666 548 2754 ίεὐδαίμων
576 2666 663 2759 ἀνήρ’
694 2669 765 2735 Chr.
795 2672 953 2755 patieus¹)
982 2668 1105 2756 ςὄλβιος
1133 2666 1241 2758 φύσεί
1265 2690 1321 2735 ex·

198 2774 295 2839 hibet.
339 2773 490 2838 Fortasse
519 2773 655 2857 scriptor
682 2773 810 2856 ignotus
841 2776 1010 2857 genuinam
1045 2772 1178 2839 tradidit
1216 2773 1320 2858 scrip-

199 2882 315 2941 turam.
360 2875 420 2940 Sed
442 2895 500 2938 nec
521 2874 554 2938 id
576 2875 691 2939 scimus
714 2896 771 2939 nec
797 2875 829 2939 id
858 2877 939 2941 scire
968 2877 1000 2941 in
1022 2877 1105 2940 hanc
1127 2875 1321 2961 disputatio-

198 3000 270 3043 nem
291 2978 425 3042 multum
454 2977 598 3047 interest,
631 2977 669 3041 de
695 2998 758 3059 quo
788 2978 877 3060 prius
900 2978 985 3043 dicta
1006 2979 1038 3042 in
1060 2979 1245 3044 memoriam
1268 3000 1319 3045 re·

199 3082 338 3158 τοσουδί.
382 3079 425 3142 Et
451 3079 511 3144 hoc
538 3079 635 3162 igitur
662 3085 883 3161 argumentum
911 3080 1161 3145 infirmissimum
1193 3086 1251 3147 est.
1283 3119 1323 3128 -

199 3181 269 3245 Iam
290 3181 442 3258 videmus,
463 3182 496 3244 in
513 3181 562 3245 bis
584 3202 711 3265 quoque
726 3203 765 3246 ne
779 3203 876 3245 unum
892 3181 1019 3265 quidem
1033 3180 1199 3266 probabile
1215 3182 1321 3268 dupli·

200 3285 245 3347 cis
268 3283 413 3348 editionis
434 3283 537 3348 inesse
557 3283 716 3348 indicium.
762 3283 866 3347 Etiam
885 3304 969 3347 nunc
989 3284 1085 3366 igitur
1107 3283 1181 3348 huic
1199 3284 1322 3362 rationi

199 3383 292 3450 fidem
314 3385 508 3450 habeamus?
542 3387 593 3450 An
608 3385 737 3450 Osanno
759 3386 820 3469 ipsi
842 3385 874 3448 id
889 3385 1042 3449 accidisse
1055 3390 1214 3470 putemus,
1232 3383 1321 3468 quod

199 3487 247 3563 iis,
271 3487 324 3569 qui
346 3487 442 3551 nimio
472 3488 577 3552 studio
604 3487 737 3572 duplicis
768 3487 956 3551 recensionis
987 3487 1119 3570 vestigia
1147 3486 1323 3571 indagandi

201 3589 353 3672 correpti,
383 3589 416 3651 in
439 3610 629 3672 quacunque
655 3589 797 3654 lectionis
819 3590 973 3654 varietate
994 3589 1150 3655 evidentia
1171 3590 1217 3654 rei
1238 3589 1325 3654 indi·

201 3691 250 3755 cia
273 3711 307 3755 se
328 3691 464 3774 reperire
486 3691 665 3768 confidant,
687 3691 827 3756 accidere
847 3693 915 3776 ipsc
937 3684 1120 3756 contendit?
1164 3690 1217 3756 Ad
1238 3691 1325 3758 hanc

199 3792 368 3870 licentiam,
385 3793 437 3856 vix
452 3792 588 3876 quidem,
611 3792 637 3857 si
652 3793 748 3857 talem
763 3794 903 3878 sequeris
917 3793 1082 3871 rationem,
1104 3793 1326 3878 vitandam,-

269 4013 295 4080 1)
314 4012 362 4066 Vs.
381 3968 568 4068 10131-Ε11.
587 4012 655 4068 1016
675 4043 715 4068 -.
733 4043 768 4053 -
784 4015 815 4078 2)
839 4013 872 4066 cf.
891 4029 956 4081 pag.
974 4012 1014 4066 22.
