2738 4634
53 456 185 540 wenig,
200 457 257 521 wie
285 455 330 520 sie
357 455 407 519 ein
429 453 575 518 Resultat
602 453 657 518 der
679 453 894 538 Vermithlung
915 457 973 520 mit
994 456 1050 521 der
1071 455 1182 520 Medea

53 558 114 634 ist,
152 558 195 623 da
215 559 267 623 ein
287 555 453 640 Ungliick,
474 556 532 621 wie
553 555 610 620 das
632 557 700 621 hier
724 558 899 636 erw‘ahnte,
926 558 1007 624 doch
1037 558 1181 641 lediglich

54 683 131 726 vom
154 661 256 727 Zufall
279 656 439 742 abhiingt.³
484 659 584 735 Quid,
611 659 637 722 si
659 658 769 735 lason,
798 662 853 742 qui
880 681 936 744 per
966 661 1064 724 vitam
1092 682 1181 725 suam

54 768 108 828 tot
137 769 291 847 tantaque
318 762 462 827 facinora
492 759 623 824 feliciter
657 768 910 844 perpetraverat,
947 765 1000 845 qui
1035 769 1180 827 monstra

55 865 225 931 horribilia
254 864 425 935 devicerat,
466 864 554 926 euius
586 861 722 944 denique
749 864 848 929 vitam
877 872 989 949 postea
1016 871 1082 928 tam
1114 885 1181 928 sce-

55 967 173 1031 lestam
193 967 327 1031 honesta
344 986 431 1030 mors
456 966 489 1029 in
511 983 619 1047 pugna
641 971 770 1048 accepta
792 972 972 1049 purgasset,
994 1004 1037 1012 -
1058 968 1095 1040 si,
1118 967 1180 1038 aio,

56 1068 133 1132 talis
157 1068 205 1132 vir
226 1069 315 1133 navis
337 1066 501 1132 cuiusdam
520 1071 617 1148 atque
639 1066 715 1143 eius,
736 1068 770 1130 in
792 1089 856 1150 qua
877 1069 948 1152 ipsa
970 1075 1019 1132 tot
1040 1068 1181 1152 pericula

55 1172 210 1249 subierat,
232 1171 331 1256 puppi
353 1190 462 1234 caesus
484 1172 618 1231 mortem
640 1168 723 1245 obit,
751 1168 802 1232 vix
827 1170 982 1235 moriendi
1010 1171 1094 1235 ratio
1124 1192 1178 1235 co-

57 1274 155 1356 gitari
185 1278 308 1358 potest,
338 1293 420 1355 quae
450 1270 551 1352 magis
577 1267 669 1333 foeda
697 1271 747 1335 sit.
792 1272 830 1336 ln
858 1272 919 1337 hac
951 1279 1058 1337 autem
1079 1279 1182 1340 morte

57 1375 209 1441 foedare
230 1394 305 1439 vera
325 1375 408 1438 inest
427 1391 531 1456 poena
553 1371 772 1450 scelestissimi,
795 1374 881 1457 quod
902 1374 999 1439 lason
1017 1382 1182 1459 perpetra-

57 1484 162 1555 verat,
184 1476 351 1553 facinoris,
378 1476 397 1538 i.
420 1496 445 1538 e.
477 1473 599 1537 fraudis
629 1495 667 1538 ac
688 1475 838 1559 perfidiae
865 1477 898 1541 in
921 1477 1063 1542 Medeam
1094 1498 1182 1542 com-

57 1581 185 1657 missae,
214 1599 279 1663 qua
293 1579 423 1663 nuptiae
437 1577 510 1642 illae
524 1574 659 1659 primum
683 1584 750 1643 tarn
771 1578 876 1644 felices
900 1586 966 1643 tam
981 1580 1093 1644 acerbe
1108 1578 1180 1642 fini-

58 1686 181 1759 rentur,
204 1679 324 1763 πικρὰς
338 1678 487 1761 τελευτὰς
504 1692 568 1749 τῶν
584 1682 666 1764 ἐμῶν
681 1679 792 1765 γάμων
808 1680 928 1760 toust).
955 1682 1013 1747 Ill.
1036 1679 1183 1745 ‘Endlich

58 1785 150 1850 istas
172 1783 355 1868 uberhaupt
377 1783 427 1847 ein
449 1784 591 1862 Rathsel,
612 1785 669 1849 wie
686 1784 792 1859 lason,
814 1783 870 1848 der
892 1784 940 1849 die
961 1786 1182 1867 Argonauten—

58 1887 148 1953 fahrt
178 1886 285 1969 ltingst
315 1885 420 1950 hinter
450 1888 515 1952 sich
545 1888 618 1964 hat,
652 1907 714 1950 von
740 1886 839 1950 einem
865 1886 1099 1952 Ueberbleibsel
1129 1885 1183 1949 der

58 1991 146 2072 Argo
170 1987 313 2071 getddtet
333 1989 457 2054 werden
479 1987 583 2054 kann.³
628 1989 676 2052 De
696 1994 798 2053 morte
823 1989 945 2053 Iasonis
968 1989 1182 2054 diversissima

60 2097 138 2157 sunt
161 2091 290 2155 tradita.
334 2088 505 2174 Neophron
536 2091 704 2175 suspendio
735 2112 768 2155 se
789 2091 894 2175 ipsum
915 2091 1063 2156 Iasonem
1084 2091 1183 2154 inter-

59 2193 218 2258 ficientem
240 2192 324 2257 facit.
369 2191 520 2257 Carcinus
543 2199 575 2257 et
596 2193 740 2276 Hyginus
761 2192 908 2258 Iasonem
931 2193 1079 2257 aMedea
1101 2193 1183 2256 occi-

60 2317 133 2362 sum
168 2316 237 2360 esse
274 2292 483 2359 tradiderunt.
536 2293 662 2359 Scholia
694 2302 800 2359 autem
829 2297 862 2359 in
892 2317 936 2360 vs.
968 2295 1048 2359 1387
1079 2296 1182 2376 Argus

59 2399 162 2484 puppi
184 2397 329 2461 Iasonem
350 2401 485 2461 mortem
508 2397 623 2461 obiisse
645 2403 791 2474 narrant,
811 2419 946 2481 quorum
969 2420 1066 2462 unum
1087 2393 1184 2462 ‘acad

61 2501 208 2588 Μηδείας
222 2497 317 2580 χόλον
330 2494 351 2586 ἢ
362 2493 514 2564 κέλευσιν’
529 2499 560 2563 id
576 2499 694 2564 factum
709 2521 776 2565 esse
788 2499 891 2578 addit3
907 2489 1043 2583 quocum
1055 2500 1087 2563 id
1099 2501 1185 2583 quod

62 2601 270 2687 Staphylos²)
294 2600 437 2677 adnotat,
460 2602 632 2665 cousent't:
655 2597 918 2685 ‘dyastedcucdur
939 2598 998 2688 γὰρ
1022 2599 1129 2690 αὐτὴν,
1143 2640 1184 2648 -

62 2726 107 2770 sc.
129 2703 276 2790 Μήδειαν
298 2740 356 2780 -,
386 2697 489 2780 οὕτως
509 2698 574 2768 ὑπὸ
597 2708 636 2790 τῇ
659 2702 785 2791 πρύμνῃ
808 2712 865 2792 τῆς
885 2701 1010 2789 Ἀργοῦς
1031 2729 1184 2770 κατακοι-

60 2811 221 2895 μηθῆναι,
243 2805 420 2894 μελλούσης
433 2813 489 2893 τῆς
506 2801 586 2884 νεώς
608 2806 801 2872 διαλύεσθαι
827 2802 906 2872 ὑπὸ
929 2812 1003 2872 τοῦ
1023 2806 1184 2892 χρόνου.

61 2906 282 2995 ἐπιπεσούσης
308 2915 384 2993 γοῦν
412 2914 469 2995 τῆς
491 2905 635 2996 πρύμνης
660 2915 705 2995 τῷ
725 2906 838 2974 Ἰάσονι
859 2911 1045 2996 τελευτῆσαι
1069 2904 1183 2974 adadu?

62 3011 143 3076 Inde
165 3031 237 3076 curn
260 3009 402 3074 Nauckio
425 3009 570 3074 concludi
588 3011 708 3093 nequit,
730 3011 875 3075 Iasonem
893 3010 1004 3075 itinere
1025 3012 1184 3075 maritimo

62 3113 206 3179 nondum
227 3113 366 3197 perfecto
389 3133 457 3176 esse
478 3115 653 3188 mortuum,
676 3133 739 3194 quo
761 3118 903 3196 tempore
924 3111 1010 3196 Argo
1032 3135 1096 3177 non
1118 3118 1186 3177 tam

61 3216 185 3299 fragilis
217 3236 284 3279 esse
314 3220 456 3298 poterat,
489 3234 583 3296 quam
613 3234 634 3277 a
663 3213 815 3298 Staphylo
844 3214 1041 3280 describitur.
1085 3215 1184 3279 lmmo

61 3338 138 3384 vero
161 3317 187 3382 si
209 3316 243 3381 id
266 3317 352 3401 quod
367 3317 509 3401 Apollod.
531 3317 592 3394 19,
612 3318 652 3383 78
674 3325 834 3393 narratur,
855 3317 1050 3400 respicimus,
1072 3338 1183 3382 navem

62 3422 129 3486 iam
153 3419 259 3484 decem
281 3440 382 3484 annos
405 3424 479 3482 ante
500 3419 657 3502 perfidum
677 3419 756 3483 illud
777 3419 900 3483 Iasonis
921 3419 954 3481 in
969 3418 1112 3483 Medeam
1133 3420 1182 3483 fa-

62 3523 156 3588 cinus
171 3521 319 3606 Neptuno
341 3542 409 3586 esse
432 3521 619 3598 dedicatam,
641 3520 820 3605 putandum
842 3526 899 3595 est,
922 3521 993 3584 navi
1011 3526 1182 3605 tempesta-

61 3631 133 3690 tum
162 3624 192 3688 vi
222 3623 430 3688 collabefacta
452 3622 596 3688 Medeam
618 3645 710 3688 usam
739 3644 825 3699 esse,
858 3627 895 3686 ut
925 3643 1006 3705 quae
1034 3644 1185 3707 perpessa

62 3733 135 3793 erat
168 3726 209 3791 ab
244 3726 358 3790 iasone
389 3725 599 3790 ulcisceretur.
644 3724 807 3803 Quomodo
844 3723 886 3788 ad
914 3725 1184 3790 conscendendam

62 3850 177 3894 navem
206 3828 303 3892 Iason
331 3829 373 3894 sit
399 3833 591 3905 commotus,
623 3848 688 3892 non
719 3827 866 3892 traditur.
911 3825 1054 3891 Medeam
1082 3827 1186 3910 ipsam

133 4050 160 4116 1)
179 4048 278 4102 Medea
296 4065 336 4102 vs.
355 4047 428 4103 1388.
497 4048 525 4115 2)
542 4047 615 4116 Hyp.
633 4047 699 4100 Eur.
717 4047 790 4099 Med.
