2738 4634
543 204 694 311 -2-3—

54 416 89 476 et
112 410 337 489 Matthiaeus¹)
362 418 448 488 tum,
470 410 556 495 quod
578 410 620 475 ad
641 410 728 476 locos
750 411 792 476 ab
809 409 1021 495 Aristophane
1041 412 1176 496 parodia

53 512 167 578 illusos
197 514 325 597 attinet,
360 513 408 578 W.
438 512 664 592 Ribbeokius2)
692 533 855 596 ——quare
883 534 987 596 pauca
1018 514 1175 581 addidisse

54 614 201 681 sufficiet.

144 720 171 782 1.
195 718 244 783 Ad
266 718 318 783 Ar.
342 718 476 784 Acharn.
502 715 576 781 119:
606 708 632 782 ὦ
653 715 876 804 θερμόβουλον
898 717 1046 805 νιρωκτὸν
1068 717 1174 807 ἐξυρη-

51 828 193 904 μένε-
222 821 393 886 scholiasta
420 820 664 904 Aristophanem
692 818 852 902 Euripidis
882 841 1005 885 versum
1027 819 1173 887 Medeae:

51 913 93 988 ‘cd
108 922 333 1008 θερμόβουλον
350 918 537 1007 σπλάγχνον
554 921 688 1006 parodia
706 941 835 986 vexasse
850 920 990 989 adnotat
1009 922 1175 992 Peliadum

51 1027 104 1091 vel
126 1025 222 1108 Aegei
242 1026 304 1091 hoe
326 1047 393 1090 esse
414 1025 626 1108 fragmentum
643 1023 750 1088 docuit
772 1023 963 1092 Matthiaeus
984 1048 1057 1112 pag.
1080 1029 1152 1094 426.

141 1129 170 1193 2.
194 1130 244 1194 Ar.
268 1129 336 1193 Pax
359 1127 457 1192 1012:
480 1123 550 1194 ελτα
570 1127 726 1212 μονῳδεῖν
748 1124 782 1192 ἐκ
804 1128 949 1215 Μηδείας

259 1226 388 1314 Ὀλόμαν
410 1227 533 1311 ὀλόμαν
555 1224 784 1317 ἀποχηρωθεὶς

207 1385 212 1391 .
264 1339 327 1411 ’.Γᾶς
349 1329 381 1398 έν
402 1329 561 1397 τεύτλοισι
583 1333 801 1415 λοχευομένας.

141 1435 229 1513 Quae
251 1434 348 1500 verba
369 1433 410 1497 ad
431 1432 539 1518 Eurip.
563 1431 691 1498 Medeae
712 1455 757 1498 vs.
781 1433 839 1498 97:

261 1534 300 1602 ῖιὺ
322 1539 380 1621 μοί
401 1560 468 1618 μοι,
491 1542 562 1614 πῶς
585 1530 623 1601 dv
646 1531 781 1618 ὀλοίμαν

16 1652 20 1659 ’
50 1661 123 1706 esse
145 1638 317 1716 referenda,
338 1637 504 1703 verisimile
526 1642 582 1702 est.
626 1636 719 1703 Ribb.
742 1659 813 1722 pag.
837 1637 909 1704 300.

140 1740 170 1805 3.
207 1740 394 1826 Thesmoph.
425 1739 508 1805 1130
541 1739 769 1824 Aristophanes
795 1739 978 1827 Euripidem
1014 1741 1092 1807 haee
1125 1742 1174 1807 lo-

55 1850 208 1929 quentem
229 1844 323 1909 facit:

258 1955 400 2011 σκαιοῖσι
423 1942 483 2031 γάρ
504 1969 557 2011 τοι
578 1941 675 2010 καινὰ
697 1949 892 2033 προσφέρων
914 1943 1004 2033 σοφά

258 2045 362 2135 μάτην
385 2044 570 2126 ἀναλίσκοις
592 2043 631 2115 ἂν

52 2172 138 2235 quae
160 2172 199 2215 ex
219 2149 348 2216 Medeae
369 2148 471 2214 verbis
494 2154 569 2214 sunt
590 2168 749 2234 expressa,
771 2170 832 2214 vss.
855 2150 917 2215 298
941 2169 1029 2236 sqq.=

259 2259 401 2317 σκαιοῖσι
422 2249 562 2338 μὲνγὰρ
584 2250 679 2317 καινὰ
700 2257 894 2340 προσφέρων
916 2250 1006 2341 σοφὰ

260 2351 363 2433 δόξεις
386 2349 511 2440 ἀχρεῖος
531 2350 589 2418 κοῦ
611 2351 716 2440 σοφὸς
732 2360 919 2442 πεφυκέναι.

142 2456 234 2536 Quod
258 2457 291 2521 in
320 2454 511 2540 quibusdam
540 2453 669 2521 Medeae
697 2455 785 2521 libris
813 2478 873 2541 pro
900 2453 989 2545 sopri
1017 2451 1098 2547 ‘imp’
1130 2458 1172 2522 sit

55 2560 199 2646 positum
227 2556 388 2624 Porsonus
416 2556 505 2641 prius
533 2556 611 2622 illud
644 2557 678 2621 in
707 2557 813 2643 priore
846 2558 982 2624 editione
1012 2559 1174 2644 scripsisse

55 2667 152 2749 putat
180 2659 379 2747 Euripidem,
410 2661 443 2724 in
472 2658 573 2725 altera
600 2664 759 2738 mutasse,
786 2660 931 2726 irrisione
952 2661 1174 2746 Aristophanis

59 2769 262 2831 commotum.
307 2760 352 2826 0f.
374 2761 506 2827 Persou.
529 2760 576 2826 ed.
601 2761 650 2826 ad.
673 2784 719 2828 rs.
741 2761 813 2828 300.
831 2799 871 2810 -

142 2866 172 2931 4.
195 2865 249 2931 Vs
265 2863 393 2930 Medeae
410 2863 502 2942 1317,
523 2864 659 2929 maxime
672 2870 814 2943 vexatus,
835 2866 869 2931 in
881 2865 970 2931 libris
985 2865 1029 2931 sie
1043 2866 1172 2949 legitur:

260 2971 292 3032 τί
314 2965 407 3044 τάςόε
428 2978 527 3044 κινεῖς
548 2963 794 3050 κολναμοχλεόεις
815 2965 950 3046 πύλας.

55 3071 129 3138 chr.
148 3069 235 3134 Pae:
257 3072 290 3134 τί
317 3067 412 3147 τάςόε
439 3079 537 3147 κινεῖς
565 3065 810 3151 κᾶναμοχλεόεις
838 3067 999 3154 λόγους,
1038 3090 1175 3153 quocum

55 3172 216 3240 consentit
236 3171 290 3236 Ar.
313 3169 395 3236 Nub
425 3192 469 3236 vs
495 3169 593 3235 1397
623 3159 650 3235 ὦ
673 3177 791 3237 καινῶν
819 3169 906 3237 όντων
938 3168 1049 3260 κινητὰ
1076 3168 1175 3237 κοῖνα-

55 3271 232 3404 μοχλευτό,
259 3272 381 3338 Heliod.
412 3275 471 3338 Ae
457 3273 554 3357 hrop
581 3273 697 3357 Ipag.
730 3271 847 3339 15·r
813 3280 847 3339 τί
871 3297 974 3339 ταυτα
1004 3308 1046 3320 -
1068 3293 1110 3338 se.
1133 3269 1176 3337 τὰ

56 3377 184 3464 ένιη-
212 3388 309 3454 κινεῖς
341 3372 602 3458 κάναμοχλεόειςς
630 3379 725 3440 τοῦτο
755 3373 793 3464 δὴ
822 3400 886 3442 των
914 3376 1174 3461 τραγῳδῶνμ-

58 3479 197 3564 scriptor
225 3477 322 3542 inedit
309 3483 376 3542 tus:
405 3482 437 3542 τί
466 3500 568 3542 ταντα
602 3489 700 3555 κινεῖς
727 3475 987 3561 καναμοχλεόεις,
1023 3475 1060 3541 ef.
1089 3475 1174 3541 Mat·

56 3581 156 3647 thiaei
168 3580 261 3645 not.
253 3601 286 3644 ιιι
304 3599 347 3644 vs.
368 3579 462 3657 1367,
482 3579 537 3663 qui
560 3578 658 3643 alium
672 3578 833 3664 Euripidis
852 3581 991 3644 loeume
1012 3578 1175 3664 deperdita

57 3683 170 3752 fabula
187 3680 433 3766 Aristophanem
449 3682 622 3765 respexisse
639 3681 730 3763 dicit,
756 3682 790 3746 in
805 3704 869 3766 quo
884 3682 963 3747 haee
981 3682 1174 3765 legerentur:

346 3788 378 3849 τί
399 3791 505 3850 ταῦτα
526 3794 625 3862 κινεῖς
645 3782 904 3868 κάναμοχλεύεις;

62 3873 264 3882 --.——--—---

130 3920 157 3989 1)
175 3935 238 3987 pag,
258 3917 316 3981 425,
335 3917 394 3973 426.
415 3949 445 3958 -—
464 3919 493 3982 2)
513 3920 543 3972 In
562 3935 594 3972 eo
613 3921 661 3988 qui
679 3920 899 3973 Acharnensium
915 3920 1031 3973 editioni
1049 3920 1174 3974 adiectus

59 4012 104 4062 est
121 4006 208 4059 libro:
233 4003 267 4057 D,
287 4005 490 4059 dramatisohen
509 4004 663 4059 Parodieen
692 4005 808 4061 beiden
825 4005 943 4061 Attisch.
961 4005 1117 4064 comikern.
