2738 4634
733 237 775 303 42

396 439 512 529 λάβετ’,
536 437 724 531 ἀμφίπολοι

395 552 510 634 γραίας
533 542 686 629 ἀμενοῦς·
710 543 828 634 οὐγὰρ
850 543 972 612 ἐ’νεοτιν

397 648 486 736 ῥώμη
508 650 639 716 παίδων
661 644 726 715 ὑπὸ
750 653 896 727 πένθους

397 753 520 819 πολλοῦ
542 777 577 819 τε
596 750 712 839 χρόνον
734 750 834 838 ζώσῃ
856 754 979 839 μέτρα
1008 746 1063 839 δὴ,

396 855 576 939 καταλειβο
583 859 680 942 μένῃ
701 851 728 920 τ’
753 852 862 939 ἄλγεσι
884 855 1028 933 πολλοῖς.

279 971 342 1036 Cur
369 994 426 1056 pro
448 969 742 1061 ’καταλειβομένης
766 968 1251 1060 Νοαο111ιε“κατατριβομένης’
1274 971 1324 1036 vel

192 1071 488 1163 ‘uacucovxcsec'vog'
508 1077 648 1142 scribere
665 1077 765 1154 malit,
784 1096 913 1140 causam
932 1096 997 1140 non
1015 1072 1115 1140 video

277 1192 319 1258 II..
344 1193 477 1260 Duobus
500 1196 578 1260 locis
591 1190 695 1282 ‘ricto'
720 1195 913 1280 praepositio
927 1215 986 1278 pro
1000 1188 1086 1260 ‘rico'
1106 1213 1163 1277 per
1178 1212 1323 1258 errorem

194 1293 318 1359 videtur
340 1315 408 1361 esse
428 1297 564 1375 tradita,
587 1298 625 1363 de
647 1318 711 1382 quo
735 1302 855 1362 certum
876 1295 1026 1361 iudicium
1047 1294 1129 1360 ferre
1150 1294 1325 1373 nonlicet,

196 1397 257 1461 nisi
267 1397 427 1482 Euripidis
442 1399 476 1462 in
491 1399 670 1465 adhibenda
684 1399 740 1464 illa
754 1398 990 1483 praepositione
1003 1419 1063 1463 usu
1080 1397 1325 1483 peplorum.-

279 1514 390 1604 Ὑπέρ
413 1539 438 1582 c.
461 1540 543 1601 gen.
567 1520 606 1584 81
630 1518 708 1584 loeis
729 1519 845 1602 legitur
862 1517 948 1602 apud
962 1516 1155 1602 Euripidem,
1180 1514 1223 1580 75
1248 1521 1325 1583 tra-

195 1618 379 1702 goediarum
401 1620 607 1704 integrarum,
626 1620 646 1684 o
668 1620 919 1704 fragmentorum
940 1619 1034 1698 loeis,
1056 1624 1153 1702 atque
1174 1617 1226 1684 his
1250 1619 1325 1702 qui·

196 1721 267 1785 dem
289 1723 591 1806 significationibus:

281 1842 297 1906 I
319 1843 357 1909 de
380 1844 497 1929 spatio:

329 1967 358 2011 a.
383 1946 421 2011 de
443 1946 548 2029 quiete
569 1946 602 2011 in
624 1946 706 2024 loco,
727 1945 815 2024 iiber,
838 1944 1006 2011 oberhalh:
1029 1944 1104 2011 Hec.
1128 1945 1188 2024 373
1213 1943 1326 2031 Suppl.

198 2048 368 2126 31,1046;
390 2048 438 2115 El.
465 2049 562 2127 1233;
584 2049 650 2114 Ion.
676 2048 774 2127 12093
802 2048 917 2114 Bacch.
942 2050 1014 2127 880,
1036 2049 1116 2128 899;
1144 2047 1239 2113 Hero.
1264 2048 1325 2113 fur.

198 2149 276 2228 8173
299 2149 397 2216 Pion.
422 2152 501 2230 227;
524 2152 591 2238 Iph.
610 2150 646 2218 T.
669 2151 721 2230 20,
745 2150 842 2230 1140;
863 2151 956 2217 Rhes.
981 2151 1060 2229 8863
1083 2148 1227 2229 A10.45;
1250 2149 1326 2234 frgt.

198 2252 262 2316 310
282 2274 327 2317 vs,
350 2254 370 2317 2
393 2254 430 2318 D.

324 2356 354 2420 b.
387 2356 425 2421 do
454 2364 543 2424 motu
569 2380 626 2443 per
655 2357 806 2443 spatium,
837 2357 916 2423 iiber
946 2357 1016 2422 hin:
1048 2355 1157 2441 Suppl.
1185 2355 1245 2434 28;
1276 2355 1325 2421 ΕΙ.

197 2455 275 2536 4593
297 2457 414 2524 Phoen.
433 2461 512 2539 210;
534 2461 648 2526 Bacch.
673 2461 753 2539 8703
776 2458 828 2524 Or.
855 2459 951 2537 11873
973 2457 1046 2542 frgt.
1069 2457 1132 2524 582
1155 2481 1183 2524 v.
1206 2459 1235 2522 4.

281 2578 313 2641 11
335 2579 467 2665 tropice,
489 2603 573 2665 quae
595 2579 677 2646 ratio
700 2601 739 2644 ex
762 2580 990 2665 significatione
1012 2577 1142 2646 subla
1161 2576 1327 2644 illustrata

199 2679 374 2747 derivatur:

325 2823 354 2867 a.
376 2800 468 2887 ὑπέρ,
483 2803 544 2880 fiir,
559 2824 631 2867 zum
642 2802 786 2879 Schutza
800 2808 873 2886 post
887 2803 984 2868 verba
999 2808 1031 2867 et
1045 2802 1226 2868 substantia
1240 2823 1323 2887 pug-

199 3007 278 3083 8443
303 3006 419 3072 Phoen.
446 3008 543 3086 1002,
576 3008 671 3087 1320;
701 3008 920 3097 στρατηλάτης
940 3005 1021 3094 ὑπὲρ
1043 3015 1100 3092 γῆς
1122 3004 1225 3071 Orest.
1249 3005 1324 3071 574.

200 3108 342 3186 Quacum
365 3111 488 3176 ratione
507 3112 682 3176 arctissime
701 3112 862 3176 cohaeret:
910 3144 912 3148 Α

329 3213 358 3278 b.
381 3207 472 3301 ὑπέρ,
494 3213 557 3290 fiir,
577 3235 632 3277 um
648 3213 759 3290 willen,
775 3234 847 3277 zum
861 3212 987 3290 Besten,
1008 3211 1042 3275 in
1056 3208 1269 3288 commodum,
1290 3209 1325 3272 in

199 3316 369 3381 utilitatem
397 3321 472 3394 etc.;
501 3316 683 3400 saepissime
712 3320 786 3399 post
811 3315 980 3392 moriendi,
1008 3312 1175 3379 laborandi
1200 3315 1232 3378 et
1255 3311 1324 3377 sim.

199 3418 310 3483 verba:
344 3417 500 3507 θρήοκειν
528 3416 609 3504 ὑπέρ
640 3442 746 3496 τινοςε
769 3417 882 3481 Troad.
905 3416 982 3494 3873
1009 3414 1083 3481 Heo.
1113 3414 1192 3492 3103
1224 3414 1324 3479 Andr.

199 3521 277 3599 4103
304 3519 396 3586 Hero.
420 3520 441 3586 f.
470 3520 551 3598 5773
580 3520 704 3585 Heracl.
733 3519 812 3596 532,
841 3518 916 3597 5453
951 3516 1053 3583 Orest.
1085 3516 1186 3593 1232,
1222 3515 1325 3593 1334ς

201 3623 267 3708 Iph.
291 3623 360 3687 Aul.
384 3624 457 3701 312,
481 3623 580 3701 1380;
603 3623 668 3687 Alc.
692 3623 764 3699 284,
783 3622 863 3698 000;
885 3619 958 3703 frgt.
980 3620 1043 3685 362
1057 3640 1102 3684 va
1120 3620 1180 3696 18,·
1195 3618 1326 3687 διολλύ-

203 3750 267 3806 ναι,
291 3722 481 3806 ἀπολλύναι,
505 3723 702 3797 ἀπολέσθαι,
727 3728 868 3803 κτείνειν,
892 3721 997 3804 θύειν,
1027 3719 1193 3810 σφάττειν,
1219 3725 1327 3789 θῦσαι

201 3825 336 3906 διδόναι,
360 3838 472 3895 πονεῖν
494 3834 526 3893 et
546 3854 568 3893 ,ε
598 3826 712 3892 Troad.
736 3826 813 3904 3703
843 3824 917 3890 Heo.
941 3826 992 3901 30,
1024 3824 1095 3903 130;
1124 3824 1221 3890 Andr.
1243 3825 1327 3905 3173

200 3928 247 3992 Ei.
273 3929 365 4004 root,
393 3927 493 4008 11253
520 3930 577 3994 Ion
604 3929 682 4007 2933
712 3928 836 3993 Heracl.
866 3927 946 4005 3313
974 3927 1090 3993 Phoen.
1120 3925 1194 4004 912,
1225 3926 1326 4005 10563

202 4027 254 4094 Or.
278 4028 350 4107 056,
377 4031 454 4109 076;
483 4031 647 4115 1111111111.
679 4030 771 4107 1457,
799 4029 895 4107 15533
924 4030 996 4113 frgt.
1026 4030 1089 4096 384
1115 4051 1159 4094 vs.
1182 4030 1222 4107 43
1250 4028 1326 4117 frgt.
